2159 2757
984 204 1212 241 ,6-

152 315 226 337 rens
247 306 368 337 Electra
396 304 430 336 τί
453 301 505 340 δ’,·
537 303 581 336 ου’
606 299 706 335 δοκῶ
730 310 789 337 σοι
812 302 922 337 ταῦτα
949 304 1017 337 σύν
1039 301 1118 349 δίκῃ
1143 303 1258 349 λέγειν
1267 319 1281 343 ,-
1311 306 1349 339 ad
1380 307 1479 340 solum
1507 305 1580 339 illud
1610 304 1722 350 λέγειν
1751 308 1875 349 respicit
1903 309 1960 349 ita,
1983 312 2035 349 -ut‚

151 366 211 397 nisi
234 359 271 396 εὖ
296 362 410 408 λέγειν
432 368 464 396 et
486 362 743 405 ἐξαμαρτάνειν
772 368 917 406 putentur
939 366 970 397 in
992 375 1085 397 unum
1108 367 1194 406 quasi
1217 366 1383 407 coaluisse,
1416 367 1491 398 haec
1515 368 1653 407 quaestio
1679 367 1760 399 nullo
1783 368 1875 399 modo
1899 369 2037 401 videatur

152 437 222 460 cum
242 428 396 469 prioribus
419 426 615 469 probabiliter
637 427 816 459 cohaerere.
864 426 991 459 Miratur
1013 427 1093 459 enim
1115 427 1235 460 Electra
1258 427 1358 468 quod,
1383 437 1564 470 quamquam
1586 428 1703 461 dicatur
1725 422 1759 460 εὖ
1783 425 1912 472 λέγειν,
1935 431 2035 461 tamen

150 488 183 519 in
205 487 252 519 his
277 488 351 529 ipsis
374 497 453 528 quae
474 489 560 519 recte
590 486 670 518 dicat
692 487 803 528 aliquid
835 489 951 520 erroris
975 488 1114 519 videatur
1135 489 1252 527 inesse,
1283 498 1384 528 neque
1415 489 1579 521 arbitratur
1605 490 1692 521 aliter
1721 490 1788 521 salsi
1817 490 1978 530 quidquam
2004 491 2035 522 in

149 549 209 580 illis
240 558 334 590 posse
360 549 507 588 inveniri,
538 549 595 580 nisi
623 549 649 580 si
679 549 758 581 dicta
788 559 843 582 sua
872 549 1040 581 abhorrere
1068 553 1213 591 putentur
1246 549 1283 581 ab
1305 549 1428 582 iustitia.
1481 551 1674 593 Quapropter
1699 550 1734 582 τί
1762 545 1792 581 δ’
1800 563 1813 587 ,·
1842 552 1957 592 inquit,
1989 550 2033 583 ov*

151 604 252 641 δοκῶ
276 617 335 641 σοι
357 608 467 640 ταῦτα
490 607 558 640 σύν
579 603 659 652 δίκῃ)
684 606 822 652 λέγειν,·
854 610 929 641 Tum
957 609 1077 641 demum
1104 609 1330 651 Chrysothemis
1361 610 1444 651 quod
1473 612 1565 642 sentit
1596 612 1761 643 clarissime
1791 613 1887 653 aperit
1910 612 2032 643 dicens:

152 668 241 701 ἀλλ’
266 668 358 702 ἔστιν
380 669 464 701 ἔνθα
486 667 536 712 χή
562 666 641 712 δίκῃ
665 667 813 713 βλάβῃν
836 668 943 713 φέρει.
989 670 1124 710 „lustum
1147 671 1268 711 quidem
1291 675 1356 711 est,
1380 671 1462 712 quod
1487 675 1518 703 tu
1541 672 1632 712 dicis,
1656 673 1711 704 sed
1733 673 1821 705 etiam
1844 673 1922 704 iuste
1944 673 2033 714 dicta,

152 732 179 763 si
203 740 266 762 non
289 732 319 763 in
339 735 476 772 tempore
496 731 655 771 dicuntur,
679 741 897 772 nonnunquam
921 732 1092 772 perniciosa
1115 735 1202 769 sunt;
1236 732 1338 772 itaque
1359 733 1501 764 stultitiae
1524 736 1572 764 est
1595 743 1630 765 ac
1653 734 1829 765 temeritatis
1853 735 1930 765 iusta
1951 734 2035 774 loqui

151 801 191 823 eo
215 796 352 833 tempore
375 801 435 832 quo
458 793 600 823 iustitiam
631 801 692 823 non
724 793 823 833 possis
844 793 923 825 tueri
954 793 1011 824 nisi
1042 793 1083 824 ita
1117 796 1149 825 ut
1174 796 1204 825 et
1228 793 1360 826 iustitiae
1389 794 1446 835 ipsi
1470 794 1540 826 illud
1563 798 1593 826 et
1619 795 1672 827 tibi
1695 795 1834 827 iustitiam
1861 795 1955 827 luenti
1977 795 2035 827 de-

151 852 323 885 trimentum
347 851 487 884 afferat.“

843 983 934 1024 Soph.
959 983 1079 1015 Electra
1103 994 1132 1015 v.
1159 984 1243 1016 1339
1266 995 1333 1025 sqq.

364 1052 432 1083 ΟΡ.
548 1051 620 1086 πῶς
644 1047 712 1082 οὖν
735 1051 807 1090 ἔχει
830 1050 1021 1084 τάντεῦθεν
1043 1052 1175 1088 :indm
1195 1065 1282 1089 1101,-

363 1113 502 1145 HAIA.
548 1111 675 1148 καλῶς.
697 1111 857 1154 ὑπάρχει
880 1111 956 1156 γάρ
981 1119 1018 1144 σε
1039 1112 1089 1155 μή
1114 1113 1251 1156 γνῶναί
1270 1125 1357 1145 τινα.

365 1174 433 1205 ΟΡ.
548 1171 712 1217 ἤγγειλας
734 1172 780 1209 ὥς
802 1172 893 1205 ἔοικέ
915 1173 951 1211 μ’
975 1172 1021 1209 <255
1042 1173 1247 1215 τεθνηκότα.

362 1235 501 1267 ΠΑΙΔ.
548 1232 590 1269 εἷς
610 1234 684 1266 τῶν
706 1234 741 1266 ἐν
758 1230 883 1267 Ἃιδου
905 1232 1059 1273 μάνθαν’
1085 1230 1204 1266 ἐνθάδ’
1229 1233 1282 1267 (ὂν
1304 1233 1412 1278 α’νῄρ.

363 1294 431 1326 ΟΡ.
549 1293 746 1335 χαίρουσιν
769 1290 837 1326 οὖν
858 1293 1063 1330 τούτοισιν,·
1086 1293 1108 1336 ἧ
1132 1295 1213 1331 τίνες
1236 1295 1369 1338 λόγοις

361 1354 500 1388 ΠΑΙΔ.
544 1353 768 1391 τελουμένων
791 1354 917 1392 εἴποιμ’
942 1352 998 1387 ἅν·
1029 1354 1083 1391 ὠς
1112 1351 1154 1387 δὲ
1182 1354 1261 1388 νῦν
1290 1354 1405 1396 ἔχει,

547 1415 695 1451 καλῶς
723 1415 771 1447 *ια’
798 1416 959 1447 κείνων
981 1414 1145 1451 πάντα,
1167 1415 1240 1447 καὶ
1262 1415 1310 1447 τά
1335 1416 1390 1459 μή
1416 1416 1571 1451 καλῶς.

282 1514 438 1545 Consentit
460 1513 638 1545 Wunderus
662 1524 730 1545 cum
751 1514 926 1546 Hermanno
949 1524 978 1545 v.
1007 1514 1091 1545 1345
1114 1515 1158 1545 sic
1181 1514 1367 1554 explicante:
1392 1518 1447 1554 „ut
1469 1523 1550 1545 nunc
1574 1522 1625 1545 res
1647 1522 1681 1544 se
1703 1512 1811 1553 habet,
1834 1513 1912 1545 bene
1932 1514 2030 1546 onmia

149 1575 233 1616 quod
265 1575 302 1607 ad
333 1575 400 1606 illos
433 1575 555 1613 attinet,
588 1575 677 1606 etiam
709 1584 787 1615 quae
818 1584 880 1606 non
905 1575 1001 1607 bene:
1032 1576 1052 1606 i.
1076 1585 1102 1606 e.
1130 1578 1298 1616 opportuna
1322 1574 1435 1605 vobis
1461 1575 1560 1605 omnia
1582 1575 1669 1613 sunt,
1699 1574 1788 1605 etiam
1811 1575 2027 1607 scelestum

149 1637 501 1678 Clytaemnestrae
524 1635 570 1666 de
593 1638 721 1666 morte
745 1635 904 1667 Orestis
927 1636 1128 1677 gaudium,
1152 1646 1192 1667 ex
1216 1645 1316 1676 eoque
1340 1636 1468 1667 maxima
1491 1635 1671 1667 securitas.“

281 1696 543 1729 Schneidewinus:
580 1696 656 1736 „Mit
686 1694 732 1731 ὠς
752 1693 788 1727 δὲ
812 1695 878 1728 νῦν
900 1695 972 1735 ἔχει
996 1697 1029 1728 ss.
1060 1697 1238 1729 wiederholt
1270 1698 1324 1729 der
1347 1696 1506 1738 Padargog‚
1537 1705 1600 1727 was
1629 1706 1664 1727 er
1693 1695 1776 1727 1340
1804 1700 1913 1738 gesagt
1936 1697 2026 1738 hatte,

146 1767 206 1789 nur
229 1756 477 1799 gebeimnissvoll
498 1756 663 1798 beil‘ugend
691 1754 750 1787 καὶ
773 1755 814 1786 τά
840 1755 888 1798 μή
914 1755 1032 1792 καλῶς
1063 1756 1159 1799 [auch
1183 1768 1246 1790 was
1271 1758 1318 1789 rm·
1335 1759 1411 1798 jene
1441 1757 1525 1788 nicht
1554 1760 1607 1796 gut
1631 1757 1669 1787 ist
1699 1756 1728 1787 d.
1750 1756 1778 1786 h.
1805 1766 1899 1788 unser
1921 1758 2028 1790 Mord-

146 1816 331 1860 anschlag):
355 1817 438 1849 Alles
461 1817 532 1859 geht
556 1816 624 1859 (fur
647 1816 724 1859 uns)
748 1821 803 1860 gut
826 1818 879 1850 mit
903 1818 1004 1850 ilmen.
1050 1818 1193 1860 Zugleich
1218 1819 1292 1860 liegt
1314 1819 1345 1849 in
1369 1815 1415 1852 ὠς
1438 1812 1472 1848 δὲ
1495 1814 1562 1848 νῦν
1585 1814 1657 1855 ἔχει
1680 1817 1747 1848 eine
1770 1816 1844 1849 leisc
1864 1818 2027 1862 Malinung‚

145 1880 229 1912 nicht
253 1879 314 1911 den
337 1878 465 1910 rechten
487 1878 678 1920 Augenblick
701 1879 757 1910 der
778 1879 854 1910 Thai
878 1889 916 1910 zu
939 1880 1153 1910 versiiumenf‘

277 1940 374 1972 Nobis
397 1939 472 1971 haec
496 1939 614 1971 videtur
636 1949 706 1972 esse
730 1939 819 1972 liuius
842 1939 901 1971 loci
924 1941 1018 1971 ratio:
1043 1944 1202 1982 postquam
1226 1940 1428 1981 interrogavit
1450 1938 1660 1981 paedagogum
1683 1938 1808 1970 Orestes
1830 1937 2028 1979 χαίρουσιν

145 1997 216 2033 οὖν
237 2000 446 2036 τούτοισιν,·
469 1998 491 2043 ἢ
514 2002 596 2035 τίνες
618 2000 746 2044 λόγου
777 2002 814 2032 ad
845 2002 1048 2041 posteriorem
1077 2002 1165 2032 huius
1188 2000 1436 2041 interrogationis
1460 2004 1590 2040 partem,
1622 2010 1699 2040 quae
1729 2001 1903 2032 continetur
1927 2001 2027 2032 verbis

143 2062 227 2097 τίνες
250 2060 359 2105 λόγοι
383 2063 512 2103 primum
535 2063 726 2103 respondens
748 2060 989 2103 τελουμένων,
1013 2063 1125 2103 inquit,
1149 2059 1273 2097 εἴποιμ’
1297 2057 1344 2091 ἅν
1366 2070 1423 2101 „re
1447 2064 1568 2102 peracta
1590 2060 1719 2093 dicam.“
1764 2061 1839 2093 Nam
1863 2061 1933 2102 quia
1954 2061 2027 2093 lon-

145 2134 217 2165 gum
240 2128 287 2156 est
310 2124 429 2156 referre
453 2133 571 2163 eorum,
595 2125 646 2164 qui
669 2124 749 2155 intus
774 2128 855 2163 sunt,
877 2133 1046 2163 sermones,
1072 2127 1165 2165 negat
1180 2123 1375 2165 paedagogus
1399 2132 1433 2154 se
1448 2132 1528 2154 nunc
1551 2127 1740 2155 narraturum
1759 2132 1837 2163 quae
1857 2122 1897 2154 illi
1916 2123 2025 2163 dicant,

146 2193 226 2215 nunc
250 2186 331 2216 enim
354 2194 416 2216 non
439 2194 509 2215 esse
534 2184 737 2215 cunctandum
762 2184 816 2215 sed
841 2184 983 2215 celeriter
1006 2183 1174 2215 faciendum
1204 2183 1285 2224 quod
1316 2184 1441 2215 suadeat
1470 2184 1615 2224 temporis
1645 2183 1864 2224 opportunitas.
1910 2183 2025 2215 Deinde

146 2246 262 2277 subdit:
293 2244 339 2281 ώς
369 2241 405 2277 δὲ
428 2236 501 2277 ’νῦν
524 2244 608 2285 ἔχει.
660 2246 776 2284 Quibus
807 2244 909 2277 verbis
940 2248 1059 2286 tempus
1089 2244 1251 2286 significari
1278 2244 1314 2276 ab
1344 2254 1382 2277 eo
1413 2248 1550 2286 tempore
1581 2243 1663 2285 quod
1692 2243 1841 2274 indicatur
1868 2244 2025 2286 participio

144 2304 367 2343 τελουμένων
391 2307 544 2339 diversum
567 2311 652 2339 recte
675 2307 824 2340 intellexit
846 2306 1035 2338 scholiastes.
1081 2306 1214 2348 Opponit
1236 2307 1315 2338 enim
1333 2306 1529 2348 paedagogus
1546 2306 1574 2337 ei
1597 2305 1736 2345 tempori,
1760 2313 1822 2345 quo
1845 2314 1879 2336 re
1902 2308 2025 2346 peracta

144 2367 259 2409 poterit
283 2377 349 2399 cum
372 2368 536 2401 securitate
559 2369 644 2410 plura
667 2368 823 2410 copiosius
846 2376 1022 2409 exponere,
1046 2367 1076 2399 id
1098 2371 1234 2409 tempus,
1258 2367 1341 2408 quod
1364 2377 1445 2398 nunc
1466 2367 1557 2398 instat
1580 2366 1727 2406 cuiusque
1750 2374 1787 2396 ea
1809 2368 1856 2397 est
1877 2366 1971 2405 ratio,
1993 2369 2026 2397 ut

144 2436 208 2458 non
231 2427 310 2458 serat
330 2428 491 2470 longorum
515 2438 690 2461 sermonum
716 2439 841 2460 moram.
887 2429 963 2460 Tum
986 2429 1119 2469 priorem
1142 2429 1391 2469 interrogationis
1413 2431 1529 2468 partem
1553 2425 1769 2468 (χαίρουσιν
1795 2421 1864 2458 οὖν
1883 2425 2026 2458 τούτοι-

144 2494 203 2520 σιν
213 2487 246 2531 ,·)
277 2489 462 2530 respiciens,
498 2490 534 2522 ad
565 2500 654 2531 quam
685 2490 735 2523 vel
765 2500 846 2522 nuuc
874 2490 946 2521 licet
976 2489 1113 2521 breviter
1135 2488 1343 2531 respondere,
1373 2489 1414 2521 ait
1449 2488 1517 2521 illos
1552 2486 1705 2530 gaudere,
1743 2486 1825 2527 quod
1856 2496 1924 2519 cum
1962 2496 2024 2519 uno
