2159 2757
272 541 358 587 Quo
381 541 430 573 die
451 541 625 582 quicunque
646 540 698 581 Te,
724 540 777 572 Vir
801 540 975 581 clarissime,
999 539 1127 582 diligunt
1144 540 1306 572 observant
1328 541 1561 574 coluntomnes
1583 538 1717 579 undique
1735 547 1844 580 magna
1862 537 2011 579 frequen-

141 604 181 634 tia
204 606 433 644 congregantur
455 602 634 644 gratulaturi
655 601 720 633 Tibi
741 601 866 633 honoris
888 589 1107 643 quinquaginta
1129 600 1236 633 abhinc
1259 610 1355 633 annos
1380 600 1418 632 ad
1440 600 1483 632 Te
1506 600 1596 632 delati
1618 603 1650 631 et
1671 599 1914 631 recordationem
1935 609 2011 641 gra-

140 664 284 696 tissimam
306 666 338 695 et
359 662 570 694 faustissimam
598 661 862 703 instaurationem,
885 671 924 694 eo
954 662 1003 694 die
1032 671 1072 694 ne
1103 671 1160 694 nos
1188 662 1309 703 quidem
1338 662 1448 694 deesse
1478 661 1628 693 voluimus
1652 660 1789 703 dignitati
1812 660 2010 692 celebrandae

140 725 223 756 Tuae
254 724 466 764 communique
496 724 628 754 omnium
658 723 797 754 laetitiae.
843 723 881 754 Et
911 727 958 755 est
988 723 1127 764 profecto
1158 722 1240 763 quod
1269 723 1426 754 laetemur.
1470 722 1547 754 Nam
1577 722 1747 763 cogitantes
1770 721 1887 762 qualem
1909 731 1949 753 ex
1971 730 2010 753 eo

140 788 294 826 tempore,
316 793 378 825 quo
401 783 534 816 doctoris
557 783 763 826 philosophiae
786 783 913 826 gradum
936 787 1094 816 assecutus
1116 793 1168 825 es,
1192 793 1255 816 non
1269 783 1410 816 docendo
1428 783 1526 815 solum
1547 786 1578 815 et
1595 782 1827 825 praecipiendo,
1850 782 1904 814 sed
1921 782 2010 814 etiarn

139 846 232 877 rebus
262 845 428 886 prudenter
459 855 494 876 ac
516 845 637 876 fortiter
658 845 801 886 gerendis
824 846 916 887 longa
940 854 1087 877 annorum
1116 846 1197 878 serie
1218 845 1263 877 Tu
1284 845 1327 877 Te
1350 845 1545 886 praebueris,
1576 853 1639 875 non
1669 844 1735 875 sine
1758 853 1873 875 summa
1896 846 1927 875 et
1951 852 2011 875 vo-

139 906 253 948 luptate
285 909 316 938 et
346 905 543 938 admiratione
572 905 766 948 intelligimus
797 906 1005 948 prosperrimo
1035 915 1180 939 successu
1203 906 1240 938 ad
1274 909 1418 938 eventum
1438 914 1507 937 esse
1529 904 1693 947 perducta,
1724 914 1803 946 quae
1832 904 1870 936 de
1898 904 2010 947 ingenii

140 968 196 999 Tui
218 968 398 1008 praestantia
420 971 506 999 recte
528 967 695 998 iudicantes
719 968 776 998 viri
798 967 964 999 doctissimi
986 967 1055 999 olim
1078 971 1148 999 sunt
1173 968 1323 1009 augurati.

270 1028 341 1060 Tam
369 1028 428 1060 late
457 1031 557 1059 autem
587 1031 690 1069 patent
717 1028 821 1059 laudes
845 1028 928 1060 Tuae
958 1038 994 1060 ac
1020 1031 1099 1060 tanta
1130 1031 1176 1060 cst
1203 1029 1380 1060 meritorum
1403 1028 1536 1060 Tuorum
1559 1028 1707 1068 varicum,
1739 1031 1773 1059 ut
1801 1027 1849 1059 alii
1877 1027 1932 1059 alia
1954 1035 2010 1059 suo

140 1090 268 1131 quisque
290 1090 322 1120 in
345 1089 513 1121 studiorum
535 1098 652 1130 genere
676 1088 806 1120 habeant
829 1098 908 1129 quae
930 1089 1104 1130 praedicent
1127 1091 1254 1132 egregie
1277 1100 1293 1121 a
1315 1090 1358 1121 Te
1383 1089 1530 1130 perfecta.
1574 1089 1669 1120 Nobis
1691 1089 1722 1120 id
1742 1090 1871 1120 maxime
1893 1089 2010 1120 videtur

140 1150 322 1190 convenire,
353 1152 386 1181 ut
407 1152 551 1190 quantum
574 1149 694 1180 labores
717 1149 772 1180 Tui
794 1149 906 1180 scholis
928 1151 1040 1182 nostris
1063 1151 1217 1183 attulerint
1239 1151 1401 1183 adiumenti
1426 1154 1517 1191 atque
1548 1151 1683 1182 utilitatis
1713 1150 1761 1192 pia
1784 1150 2011 1182 consideremus

138 1212 294 1243 memoria.
340 1210 413 1242 Cum
444 1211 525 1242 enim
553 1211 663 1253 ingens
693 1211 731 1241 sit
760 1220 904 1242 numerus
936 1221 1059 1252 eorum,
1092 1221 1170 1253 quos
1192 1212 1237 1243 Τιι
1260 1212 1416 1253 disciplina
1438 1212 1618 1244 auctoritate
1648 1212 1789 1252 exemplo
1816 1211 1854 1243 ad
1875 1221 1911 1242 ea
1932 1220 2011 1252 quae

139 1271 354 1316 φιλολογίας
382 1271 504 1303 nomine
529 1271 757 1313 complectimur
778 1272 934 1304 doctrinae
957 1283 1072 1315 genera
1096 1274 1137 1305 ita
1158 1274 1342 1314 institueris,
1374 1278 1407 1306 ut
1430 1275 1486 1316 ipsi
1508 1274 1615 1315 partim
1646 1283 1725 1315 quae
1746 1273 1789 1305 Te
1811 1272 1939 1304 docente
1961 1272 2012 1304 di-

139 1334 284 1365 dicissent
303 1334 378 1364 alios
401 1336 526 1378 possent
547 1333 700 1364 uberrimo
724 1333 824 1365 fructu
847 1334 978 1374 docere,
1010 1335 1116 1376 partim
1140 1335 1193 1366 has
1215 1335 1296 1377 ipsas
1320 1336 1422 1367 literas
1453 1345 1534 1367 novo
1558 1345 1673 1377 augere
1695 1335 1883 1366 incremento
1905 1334 2011 1365 novis-

139 1404 199 1435 que
229 1394 376 1426 decorare
405 1395 606 1426 ornamentis:
640 1397 702 1426 tum
732 1404 836 1426 earum
866 1395 991 1436 artium,
1022 1396 1130 1437 quibus
1160 1398 1387 1440 gymnasiorum
1418 1397 1556 1439 discipuli
1586 1398 1716 1429 maxime
1744 1398 1815 1428 sunt
1843 1394 2010 1435 imbuendi,

139 1456 315 1498 dignitatem
346 1459 376 1487 et
406 1456 554 1487 rationem
585 1460 645 1487 tam
673 1456 843 1488 luculenter
869 1456 1023 1489 illustrasti
1054 1461 1174 1499 tamque
1203 1459 1314 1490 acriter
1344 1458 1523 1499 defendisti,
1560 1462 1593 1490 ut
1623 1458 1677 1499 qui
1706 1458 1752 1489 rei
1783 1457 1860 1499 apud
1888 1460 2011 1489 nostros

139 1517 337 1550 scholasticae
359 1527 506 1550 summum
529 1518 572 1549 Te
595 1522 626 1550 et
648 1506 829 1559 praesidium
849 1522 880 1551 et
902 1519 996 1551 decus
1016 1520 1188 1560 appellarit,
1211 1520 1238 1551 is
1261 1521 1434 1561 neutiquam
1455 1519 1632 1551 iudicandus
1651 1520 1690 1550 sit
1713 1529 1730 1550 a
1751 1528 1827 1551 vero
1844 1519 2011 1551 aberrasse.

269 1578 352 1609 Haec
378 1578 471 1620 igitur
494 1578 650 1610 nobiscum
679 1579 851 1611 recolentes
883 1579 962 1611 diem
984 1580 1072 1612 laude
1095 1580 1157 1612 Tua
1179 1581 1330 1623 insignem
1359 1590 1420 1612 non
1444 1591 1513 1613 esse
1536 1580 1834 1622 praetermittendum
1856 1581 2012 1612 statuimus

139 1640 211 1680 quin
241 1638 420 1670 afferremus
452 1639 578 1680 aliquid,
610 1640 691 1680 quod
723 1641 884 1672 voluntatis
917 1645 1039 1673 nostrae
1069 1642 1209 1683 gratique
1239 1643 1329 1673 animi
1357 1646 1439 1674 esset
1469 1643 1701 1682 documentum,
1733 1642 1877 1683 quodque
1906 1652 1946 1673 ex
1973 1650 2011 1673 eo

138 1710 254 1743 genere
283 1699 451 1732 studiorum
479 1701 621 1742 petitum,
653 1702 683 1733 in
714 1711 774 1742 quo
798 1702 843 1734 Tu
866 1702 982 1734 habitas
1006 1707 1036 1735 et
1058 1713 1189 1745 regnas,
1222 1704 1248 1735 si
1277 1713 1339 1736 non
1370 1714 1464 1745 opere
1488 1708 1612 1745 nostro,
1646 1707 1676 1736 at
1706 1713 1762 1736 sua
1790 1705 1819 1736 vi
1849 1714 1884 1736 ac
1906 1707 2012 1736 natura

138 1763 243 1802 posset
263 1760 305 1791 're
329 1761 483 1793 oblectare
506 1761 721 1802 aliquantulum
745 1763 936 1804 animumque
954 1763 1049 1795 Tuum
1074 1773 1090 1795 a
1109 1764 1301 1806 gravioribus
1325 1765 1417 1797 rebus
1440 1765 1593 1807 paulisper
1616 1774 1755 1797 avocare.
1801 1765 1875 1797 Nam
1897 1773 2014 1796 recon-

139 1823 263 1855 ditiores
291 1822 317 1853 si
346 1823 497 1854 adiremus
527 1823 682 1854 doctrinae
713 1827 813 1864 partes
842 1828 933 1865 atque
962 1826 1031 1856 inde
1061 1825 1242 1866 depromere
1272 1827 1417 1858 vellemus
1448 1837 1527 1867 quae
1560 1830 1740 1858 recusarent
1769 1827 1886 1858 humeri
1912 1827 2011 1857 nostri

139 1874 238 1922 ferre,
268 1886 384 1914 temere
415 1882 584 1914 faceremus
618 1886 709 1923 atque
739 1885 931 1926 arroganter.
984 1886 1175 1926 Quapropter
1205 1887 1256 1927 qui
1285 1887 1316 1918 in
1346 1896 1511 1928 puerorum
1541 1888 1732 1919 institutione
1762 1887 2010 1918 consueverimus

137 1943 270 1983 versari,
301 1943 496 1983 quaestiones
519 1943 678 1984 quasdam,
711 1954 788 1985 quae
813 1945 850 1976 ad
872 1945 1042 1986 expeditius
1065 1950 1202 1978 nostrum
1224 1948 1442 1989 interpretandi
1465 1952 1587 1980 veteres
1617 1949 1784 1990 scriptores
1807 1958 1914 1980 munus
1937 1958 2011 1990 per-

137 2004 285 2043 tinerent,
316 2003 406 2044 paulo
436 2003 610 2045 diligentius
638 2008 767 2037 tractare
798 2006 997 2038 decrevimus.
1044 2007 1108 2044 Qua
1130 2008 1162 2039 in
1185 2018 1220 2040 re
1243 2009 1301 2040 etsi
1327 2018 1389 2041 non
1419 2010 1634 2052 ignorabamus
1664 2010 1736 2042 nihil
1767 2019 1823 2041 nos
1845 2010 2010 2042 effecturos

138 2065 219 2105 quod
250 2064 420 2096 eruditione
447 2065 509 2096 Tua
538 2067 611 2097 satis
640 2070 723 2098 esset
751 2067 892 2109 dignum,
930 2072 1030 2100 tamen
1062 2069 1105 2100 're
1136 2070 1380 2111 confidebamus,
1418 2081 1496 2112 quae
1526 2075 1609 2103 esset
1638 2072 1702 2104 Tua
1734 2082 1810 2114 erga
1839 2075 2010 2103 nostrarum

136 2124 307 2179 scholarum
327 2125 461 2156 rationes
484 2128 574 2165 atque
597 2127 732 2158 instituta
755 2127 985 2168 benevolentia,
1019 2138 1057 2160 ne
1088 2129 1145 2160 hos
1179 2130 1311 2162 leviores
1336 2131 1457 2171 quidem
1481 2135 1607 2163 conatus
1630 2135 1754 2163 nostros
1776 2141 1845 2164 esse
1869 2135 2011 2163 contem-

138 2189 259 2226 turum.-
292 2186 397 2227 Itaque
426 2186 469 2218 Te
501 2196 645 2229 rogamus
674 2191 707 2219 ut
738 2189 845 2221 adesse
875 2190 960 2230 quasi
991 2190 1087 2232 fingas
1117 2191 1160 2223 Te
1187 2192 1275 2224 nohis
1307 2193 1338 2224 in
1368 2193 1471 2225 schola
1499 2203 1568 2225 curn
1596 2193 1750 2235 discipulis
1780 2195 1891 2225 nostris
1924 2194 2009 2226 locos

138 2247 251 2289 aliqqot
272 2247 520 2287 praestantissimi
542 2251 651 2287 poetae
681 2248 901 2289 explicantibus
925 2250 1132 2291 diiudicesque
1160 2255 1262 2283 utrum
1285 2262 1362 2293 quae
1388 2253 1549 2284 afferamus
1572 2253 1737 2294 probabilia
1760 2253 1919 2286 videantur
1940 2264 2009 2285 esse

138 2317 176 2339 an
197 2304 312 2342 erroris
335 2307 573 2340 condemnanda.
