2159 2757
976 206 1202 242 -9,-

131 323 210 354 equa
234 313 299 355 ipse
315 311 418 344 Ulixes
431 309 587 341 ferebatur
599 308 800 349 Neoptolemo
816 308 909 349 patris
925 317 1008 339 arma
1025 308 1228 347 concessisse,
1252 307 1337 339 aliam
1353 307 1509 338 exstitisse
1531 306 1639 338 faunam
1650 330 1658 345 ,
1682 316 1740 346 qua
1756 307 1861 339 Ulixes
1877 307 2033 339 diceretur

152 382 313 405 recusasse
345 372 383 403 de
414 370 505 402 armis
535 369 698 401 reddendis
729 378 787 401 nec
815 368 984 400 reddidisse
1007 368 1064 400 nisi
1086 371 1157 409 post
1178 368 1275 399 rixam
1305 377 1374 399 cum
1397 367 1600 408 Neoptolemo
1623 370 1758 399 coortam
1789 368 1839 401 vel
1863 373 2035 411 permotum

153 435 252 475 aliqua
281 434 400 465 ratione
433 431 480 463 vel
513 434 659 463 coactum.
707 430 799 463 Certe
827 434 942 462 tantum
972 430 1058 461 abest
1087 432 1141 469 ut,
1174 429 1225 469 qui
1254 438 1319 460 rem
1349 429 1389 460 ita
1420 432 1517 460 aetam
1548 429 1688 470 finxerit,
1717 430 1753 461 ab
1776 431 1870 462 Ulixis
1899 432 2037 474 ingenio,

153 496 242 537 quale
276 494 368 536 vulgo
392 493 551 533 putabatur
580 491 692 531 fuisse,
723 491 915 532 discesserit,
946 494 980 522 ut
1010 499 1107 531 paene
1138 490 1244 521 mirum
1276 490 1372 522 videri
1395 490 1521 532 debeat,
1551 491 1579 522 si
1607 500 1658 523 res
1687 491 1780 524 Ulixis
1808 493 1944 525 moribus
1975 497 2036 525 tam

154 557 341 590 conveniens
368 566 385 587 a
412 555 579 586 fabularum
601 554 812 585 inventoribus
842 554 934 586 suerit
963 553 1187 594 praetermissa.
1233 553 1312 589 Quin
1344 538 1482 584 etiamsi
1505 561 1595 583 nemo
1621 556 1711 584 antea
1738 553 1865 585 fabulam
1888 556 1933 586 sic
1956 565 2038 586 con-

153 618 311 654 formatam
334 615 519 656 prodiderit,
550 615 648 655 ipsum
673 614 853 655 Sophoclem
877 617 1016 655 putamus
1039 614 1233 656 excogitasse
1256 614 1347 654 haec,
1378 614 1487 655 quibus
1510 615 1639 646 consilio
1662 623 1719 646 suo
1743 625 1793 647 res
1816 620 1904 649 antea
1926 621 2036 660 gestae

155 677 466 710 accommodarentur.
868 666 872 669 ’

286 739 391 778 ltaque
415 747 492 778 quae
515 738 545 768 in
568 737 761 777 Neoptolemi
786 737 924 767 oratione
946 736 1113 767 miscentur
1136 735 1209 766 salsa
1232 744 1300 766 cum
1324 735 1422 773 veris,
1450 744 1486 766 ea
1509 736 1549 766 ita
1571 738 1643 767 sunt
1665 735 1893 778 distinguenda,
1923 741 1955 768 ut
1979 746 2036 778 pro

155 800 236 831 veris
257 799 424 831 habeantur
440 807 639 839 quaecunque
662 807 730 829 cum
750 797 835 837 chori
851 798 985 828 carmine
1001 798 1204 828 consentiunt.
1251 796 1367 828 Fallere
1389 796 1584 828 Philoctetam
1607 798 1711 838 incipit
1733 798 1959 839 Neoptolemus,
1983 799 2037 830 ubi

157 861 329 892 etiamnunc
353 861 487 902 paternis
511 861 600 891 armis
624 869 659 891 se
682 859 801 890 simulat
824 859 962 890 orbatum
986 868 1055 890 esse
1079 868 1114 890 ac
1133 861 1298 899 propterea
1320 857 1468 889 redeundi
1490 858 1522 889 in
1544 859 1671 899 patriam
1696 859 1814 900 cepisse
1836 860 2005 892 consilium.

287 922 403 954 Chorus
435 925 534 953 autem
564 930 626 952 non
655 921 801 963 ignorans
826 930 916 961 quem
946 920 983 951 ad
1005 920 1095 952 finem
1119 921 1268 962 pertineat
1290 929 1393 951 rerum
1418 929 1435 951 a
1458 920 1661 961 Neoptolemo
1684 923 1887 962 expositarum
1912 923 2036 963 veritas,

157 984 225 1024 quia
244 976 347 1016 'iussus
370 988 417 1016 est
440 984 605 1015 observare
629 986 720 1023 atque
744 983 852 1014 imitari
878 991 1079 1023 quaecunque
1096 982 1145 1014 vel
1164 983 1340 1022 loquentem
1364 982 1414 1014 vel
1436 981 1598 1014 facientem
1618 982 1744 1015 vidisset
1765 983 1933 1024 dominum,
1957 994 2036 1025 pru—

161 1045 337 1077 dentissime
361 1046 441 1077 canit
463 1046 572 1086 quibus
596 1054 697 1085 neque
720 1045 835 1085 aperiat
857 1044 939 1085 quod
957 1045 1032 1076 texit
1048 1044 1242 1085 Neoptolemi
1265 1044 1382 1082 oratic,
1406 1051 1507 1083 neque
1531 1047 1642 1085 augeat
1666 1044 1714 1075 vel
1729 1045 1885 1077 confirmet
1899 1046 2037 1080 eiusdem

157 1110 334 1138 commenta⁴
382 1106 448 1138 Hoc
480 1107 559 1137 enim
590 1106 616 1137 si
646 1105 786 1144 fecisset,
816 1105 988 1136 verendum
1013 1109 1079 1137 erat
1109 1115 1148 1137 ne
1176 1105 1248 1145 quid
1277 1105 1453 1145 imprudens
1484 1106 1706 1145 committeret,
1737 1106 1816 1147 quod
1844 1107 2038 1149 Neoptolemi

157 1167 283 1199 consilio
313 1168 364 1199 vel
392 1168 578 1198 contrarium
607 1170 691 1198 esset
720 1166 769 1197 vel
799 1166 969 1197 adversum.
1013 1166 1117 1207 ltaque
1147 1167 1219 1198 satis
1248 1166 1339 1197 habet
1368 1166 1501 1197 carmine
1532 1175 1589 1197 suo
1621 1166 1799 1198 confirmare
1829 1168 1875 1208 id,
1906 1169 1989 1209 quod
2019 1179 2038 1200 a

156 1227 359 1269 Neoptolemo
386 1238 460 1260 vere
491 1227 604 1259 dictum
639 1228 762 1270 agnovit
770 1238 779 1266 3
806 1237 934 1259 narrans
964 1228 1042 1259 enim
1072 1227 1143 1268 quid
1165 1237 1204 1259 eo
1226 1231 1383 1268 tempore,
1414 1237 1475 1268 quo
1498 1227 1718 1269 Neoptolemus
1740 1229 1921 1271 spoliabatur
1944 1231 2037 1262 armis

158 1290 311 1329 paternis,
343 1299 452 1320 revera
474 1289 582 1320 fecerit
604 1289 687 1329 ipse,
717 1298 817 1328 neque
847 1289 934 1319 obest
965 1289 1026 1319 ullo
1054 1289 1144 1320 modo
1167 1288 1359 1329 Neoptolemi
1390 1289 1521 1320 inventis
1551 1292 1583 1321 et
1614 1290 1735 1322 adiuvat
1763 1291 1895 1322 eiusdem
1924 1293 1955 1323 in
1978 1291 2037 1323 de-

158 1349 298 1391 cipiendo
321 1350 486 1382 Philocteta
508 1350 695 1382 industriam.

289 1411 354 1443 Hoc
385 1412 423 1443 de
455 1412 524 1444 loco
557 1421 636 1452 quae
666 1410 898 1452 disputavimus,
929 1420 966 1442 ea
997 1414 1160 1452 propterea
1190 1420 1253 1442 non
1283 1412 1367 1452 parvi
1397 1411 1484 1443 nobis
1515 1412 1657 1445 videntur
1680 1423 1749 1445 esse
1771 1414 1927 1454 momenti,
1955 1414 2038 1455 quod

161 1473 250 1504 huius
274 1473 416 1505 carminis
441 1472 645 1514 explicatione
674 1472 767 1504 veluti
791 1481 897 1503 norma
920 1472 1047 1511 quadam
1078 1472 1167 1514 dirigi
1191 1473 1312 1504 debebit
1336 1482 1426 1505 omne
1452 1473 1490 1505 de
1513 1474 1599 1506 chori
1622 1475 1803 1506 Philoctetae
1826 1479 1925 1507 mente
1949 1479 2042 1516 atque

160 1534 286 1576 ingenio
308 1534 459 1566 iudicium.

292 1692 351 1724 Sed
382 1702 422 1724 ne
452 1692 562 1723 diutius
586 1691 628 1722 Te
651 1700 821 1731 moremur,
853 1691 906 1722 Vir
936 1691 1118 1731 clarissime,
1149 1692 1207 1723 iam
1237 1692 1305 1723 finis
1336 1691 1493 1724 faciendus
1516 1692 1695 1724 disserendi.
1741 1694 1836 1724 Unum
1859 1696 1923 1732 est,
1954 1693 2038 1733 quod

162 1753 316 1785 addamus.
361 1754 458 1785 Deum
482 1753 633 1795 Optimum
655 1752 819 1784 Maximum
847 1762 1025 1794 precamur,
1056 1756 1089 1785 ut
1118 1762 1207 1794 quam
1237 1753 1403 1785 diutissime
1433 1754 1475 1785 Te
1503 1754 1577 1786 velit
1605 1754 1795 1786 humanitatis
1823 1754 1928 1786 studiis
1958 1755 2040 1786 inter

162 1823 218 1846 nos
243 1824 386 1855 praeesse
408 1815 646 1857 longissimaque
670 1813 785 1855 perfrui
807 1823 910 1846 rerum
934 1814 1065 1846 Tuarum
1089 1815 1220 1846 omnium
1243 1815 1457 1847 incolumitate.
1504 1815 1588 1847 Vale.

855 2028 1339 2080 -WQQffi—
