2159 2757
977 208 1204 246 ...8.-

147 312 238 353 paulo
261 315 331 343 ante
354 312 498 352 exposuit
520 310 748 351 Neoptolemus.
792 309 822 342 Is
843 310 923 341 enim
947 310 1080 342 narravit
1102 313 1171 351 post
1197 310 1289 351 patris
1311 313 1441 343 mortem
1464 320 1499 343 se
1523 311 1558 343 ab
1581 311 1670 345 Ulixe
1692 315 1724 344 et
1746 313 1898 347 Phoenice
1921 325 2029 359 arces-

147 372 238 405 situm
261 381 331 404 esse
346 371 487 410 Troiam;
510 378 588 412 quos
603 379 637 402 se
652 370 768 402 lubenti
782 370 883 402 animo
905 374 1044 402 secutum
1067 379 1139 402 esse
1160 373 1191 401 et
1211 370 1305 411 patris
1328 379 1419 411 quem
1434 371 1536 403 vivum
1559 381 1622 404 non
1644 373 1768 404 vidisset
1790 376 1901 406 mortui
1923 376 2030 407 saltem

147 433 336 474 adspiciendi
358 433 537 475 cupiditate,
568 435 600 464 et
622 432 740 474 gloriae
762 431 863 463 studio
886 430 1027 471 ductum,
1055 432 1126 471 quia
1150 431 1270 463 Troiam
1293 435 1460 474 negassent
1488 432 1529 465 illi
1552 442 1570 465 a
1592 442 1745 475 quoquam
1767 434 1825 467 nisi
1846 434 1883 467 ab
1905 434 2029 467 Achillis

145 493 208 527 filio
240 494 413 538 expugnari
440 494 486 527 fas
513 501 594 526 esse.
639 492 760 524 Troiam
790 495 891 524 autem
923 501 992 524 cum
1019 492 1192 524 advenisset
1220 492 1257 524 ab
1286 492 1426 524 exercitu
1448 492 1636 525 Graecorum
1666 498 1829 536 exceptum
1860 505 1930 527 sese
1959 505 2029 528 esse

150 565 262 597 magna
284 557 399 588 laetitia
421 557 512 597 patris
534 555 642 587 faciem
667 556 908 596 agnoscentium.
954 554 1072 587 Deinde
1097 554 1285 595 complorato
1316 554 1409 594 patris
1431 554 1494 586 leto
1517 565 1586 587 cum
1608 555 1730 588 Atridas
1755 560 1913 600 rogasset,
1942 560 1975 589 ut
1997 561 2029 590 et

147 626 231 650 arma
253 620 380 659 paterna
402 620 433 649 et
454 624 654 657 quaecunque
676 614 726 646 ille
749 614 923 655 reliquisset
947 614 1004 646 sibi
1018 613 1198 653 redderent,
1222 613 1419 654 respondisse
1435 614 1520 654 illos,
1544 615 1600 647 alia
1624 616 1723 648 omnia
1739 616 1840 648 datum
1854 618 1891 648 iri
1907 621 2029 658 praeter

146 688 232 710 arma
254 678 378 710 Achillis
400 687 478 718 quae
500 678 530 708 in
553 677 647 708 Ulixis
669 676 728 707 iam
752 679 857 707 essent
879 679 1060 716 potestatem
1084 674 1199 706 tradita.
1246 674 1322 706 Tum
1343 683 1379 707 se
1400 676 1537 718 graviter
1558 680 1759 717 conquestum
1782 677 1820 709 de
1843 678 1950 711 iniuria
1971 678 2029 711 sibi

145 737 228 770 illata
250 738 341 769 etiam
366 736 544 778 turpissimis
567 735 688 777 probris
711 744 748 766 ac
772 735 963 766 contumeliis
994 735 1030 766 ab
1059 735 1146 766 Ulixe
1168 744 1238 766 esse
1261 739 1422 774 vexatum;
1451 746 1547 776 quare
1576 737 1690 768 Atridis
1721 740 1851 770 maxime
1879 740 1930 779 qui
1961 740 2028 771 talia

146 799 215 831 fieri
237 801 414 840 paterentur
435 798 617 829 irascentem
640 806 676 828 se
698 796 812 828 relictis
835 796 934 827 statim
957 796 1064 828 castris
1088 795 1275 827 Graecorum
1297 797 1411 828 reverti
1435 805 1542 828 rursus
1570 797 1601 828 in
1623 798 1750 830 insulam
1773 798 1916 841 Scyrum,
1947 799 2028 831 unde

147 861 311 893 arcessitus
333 859 450 891 suisset.

276 921 310 953 In
334 921 380 952 his
402 921 429 953 si
450 923 573 961 praeter
595 928 689 951 unum
711 919 802 960 illud,
827 918 909 960 quod
922 918 1043 950 Troiam
1068 918 1231 950 arcessitus
1254 921 1302 950 est
1316 918 1555 960 Neoptolemus,
1580 919 1681 951 omnia
1701 923 1771 951 sunt
1795 919 1863 952 ficta
1886 923 1918 953 et
1940 929 2028 952 com-

146 984 287 1016 menticia
310 992 345 1014 ac
368 992 407 1014 ne
430 991 466 1014 ea
491 981 613 1022 quidem
643 990 719 1013 vere
749 984 819 1013 sunt
849 980 928 1012 dicta
957 989 1036 1021 quae
1066 979 1103 1012 ad
1126 990 1207 1012 arma
1231 979 1355 1012 Achillis
1377 978 1579 1021 Neoptolemo
1605 979 1756 1022 denegata
1778 981 1936 1022 rixamque
1958 982 2028 1014 inde

147 1048 283 1077 coortam
305 1043 477 1085 pertinent,
504 1051 634 1074 necesse
664 1045 712 1073 est
735 1044 869 1073 statuere
892 1041 978 1073 chori
1001 1051 1124 1081 quoque
1154 1042 1254 1073 omnia
1278 1051 1348 1073 esse
1370 1041 1462 1082 falsa,
1496 1051 1626 1082 eumque
1651 1042 1821 1083 putabimus
1848 1043 1954 1075 callide
1976 1045 2028 1076 in-

146 1105 331 1147 telligentem
360 1112 420 1143 qua
443 1102 550 1134 fraude
571 1111 646 1134 usus
670 1103 709 1133 sit
730 1102 950 1143 Neoptolemus
978 1102 1097 1133 socium
1127 1111 1161 1133 se
1189 1102 1302 1134 addere
1332 1102 1499 1134 simulatori
1521 1106 1552 1133 et
1573 1103 1618 1134 sic
1649 1102 1732 1143 loqui
1755 1106 1789 1134 ut
1812 1103 1914 1136 dolum
1936 1104 2027 1137 istum

146 1165 267 1197 adiuvet
289 1164 437 1203 dictisque
460 1164 524 1194 suis
545 1163 625 1194 illius
648 1163 813 1194 mendaciis
836 1162 926 1194 fidem
949 1162 1049 1194 faciat.

276 1225 363 1263 Quod
386 1225 427 1256 ita
449 1234 484 1256 se
503 1224 618 1256 habere
640 1233 703 1255 non
726 1223 847 1255 videtur
869 1223 958 1255 nobis
980 1223 1145 1255 verisimile
1166 1233 1246 1256 esse.
1291 1223 1418 1256 Facilius
1442 1224 1656 1263 crederemus,
1686 1224 1712 1256 si
1741 1224 1853 1257 chorus
1875 1225 2027 1266 colloquio

145 1296 345 1329 personarum
374 1295 408 1318 se
441 1287 614 1318 immiscens
644 1286 733 1318 nudis
755 1286 857 1317 verbis
880 1286 1006 1317 efferret
1033 1295 1070 1317 ea
1093 1295 1174 1326 quae
1196 1285 1320 1325 stropha
1348 1285 1397 1316 illa
1420 1285 1625 1316 continentur.
1670 1285 1727 1325 At,
1758 1286 1841 1326 quod
1866 1296 1927 1317 non
1950 1287 2027 1318 levis

144 1351 192 1379 est
218 1348 378 1387 momenti,
402 1350 501 1379 cantat
524 1347 574 1379 ille
598 1356 722 1379 carmen
745 1346 902 1387 melicum,
926 1347 1110 1387 invocatque
1125 1346 1276 1378 Tellurem
1296 1346 1377 1377 lovis
1399 1349 1526 1378 matrem
1549 1348 1720 1387 testemque
1743 1346 1864 1379 adhibet
1878 1347 2026 1379 dictorum

143 1417 288 1448 suorum,
318 1408 455 1440 oratione
484 1408 579 1440 utitur
606 1408 726 1449 pietatis
749 1416 785 1439 ac
807 1407 1001 1439 reverentiae
1024 1407 1207 1448 plenissima.
1253 1407 1337 1444 Quae
1368 1407 1467 1438 omnia
1496 1407 1523 1438 si
1552 1409 1623 1438 sunt
1652 1416 1747 1448 vana,
1779 1416 1840 1447 quo
1870 1408 2026 1440 meliorem

141 1479 217 1511 prae
240 1478 276 1500 se
299 1469 400 1500 serunt
422 1470 571 1509 speciem,
601 1478 640 1501 eo
670 1469 767 1511 magis
797 1468 932 1500 nefariae
955 1468 1114 1510 arguenda
1142 1471 1213 1499 sunt
1235 1468 1411 1509 impietatis,
1442 1477 1501 1500 nec
1523 1467 1700 1500 mendacem
1724 1468 1821 1500 solum
1844 1479 1878 1501 se
1901 1469 2025 1511 praebet

144 1530 277 1570 chorus,
308 1529 389 1570 quod
416 1531 512 1571 possit
534 1530 666 1562 sortasse
688 1529 919 1561 excusationem
941 1528 1056 1560 habere
1085 1538 1214 1570 magnae
1244 1528 1357 1560 domini
1382 1528 1542 1560 adiuvandi
1572 1529 1760 1570 cupiditatis,
1791 1529 1846 1561 sed
1877 1539 2025 1562 summum

143 1601 258 1624 numen
290 1592 421 1624 divinum
451 1592 546 1625 illudit
581 1593 710 1633 eiusque
739 1592 900 1623 sanctitate
941 1591 1075 1622 abutitur
1106 1591 1142 1622 ad
1172 1590 1313 1622 tuendam
1342 1589 1489 1621 fraudem.
1550 1590 1691 1622 Fatemur
1718 1591 1838 1631 quidem
1873 1592 2024 1632 peculiare

144 1652 298 1693 quoddam
330 1653 484 1695 ingenium
514 1653 610 1685 choro
640 1652 826 1684 Philoctetae
849 1652 992 1683 tributum
1024 1661 1094 1683 esse
1118 1661 1135 1683 a
1158 1651 1327 1693 Sophocle,
1357 1650 1453 1692 quod,
1483 1651 1541 1682 etsi
1564 1654 1612 1682 est
1641 1652 1669 1683 ei
1693 1651 1803 1692 aliquid
1825 1652 2024 1684 similitudinis

142 1723 213 1746 cum
236 1713 339 1746 Aiacis
363 1714 475 1755 choro,
507 1718 607 1747 tamen
637 1724 707 1746 cum
736 1713 816 1745 nulla
844 1713 900 1745 alia
931 1713 1066 1745 eiusdem
1096 1717 1205 1754 poetae
1235 1713 1334 1745 sabula
1357 1713 1445 1754 plane
1468 1714 1564 1754 possit
1587 1714 1772 1753 comparari3
1802 1714 1895 1745 multo
1926 1715 2025 1747 minor

141 1776 224 1807 enim
248 1775 443 1816 conditionis,
465 1777 561 1817 vitae,
593 1785 713 1816 sensus,
740 1776 903 1808 voluntatis
926 1776 957 1807 in
980 1775 1040 1806 hoc
1062 1778 1110 1806 est
1133 1775 1262 1817 dignitas
1286 1784 1375 1815 quam
1399 1774 1431 1805 in
1453 1773 1588 1815 reliquis.
1635 1773 1693 1806 Sed
1718 1774 1885 1806 orationem
1908 1784 1925 1806 a
1948 1775 2024 1807 reli-

140 1837 235 1878 gione
265 1836 481 1868 abhorrentem
508 1837 579 1869 nulli
602 1847 735 1878 unquam
758 1837 854 1869 choro
878 1837 1012 1878 tragico,
1046 1845 1084 1867 ne
1115 1836 1184 1867 huic
1206 1835 1411 1867 Philoctetaeo
1441 1835 1562 1876 quidem
1585 1834 1739 1867 affinxisse
1762 1835 1943 1876 Sophoclem
1966 1845 2022 1877 pro

141 1896 314 1928 certissimo
338 1896 459 1928 videtur
481 1907 550 1929 esse
572 1897 753 1929 habendum.
799 1897 904 1937 ltaque
929 1905 1107 1936 censemus,
1136 1905 1214 1936 quae
1244 1895 1356 1927 chorus
1385 1895 1444 1927 hoc
1474 1896 1607 1926 carmine
1637 1900 1871 1936 commemoret,
1901 1907 1938 1928 ea
1961 1906 2023 1928 non

140 1966 211 1989 esse
234 1957 304 1990 ficta
328 1957 383 1989 sed
408 1966 583 2000 congruere
606 1968 674 1990 cum
697 1968 732 1990 re
755 1961 786 1989 ct
807 1958 946 1990 veritate.
993 1957 1081 1995 Quod
1103 1958 1129 1989 si
1152 1961 1237 1990 recte
1259 1957 1436 1997 statuimus,
1466 1957 1605 1997 sequitur
1636 1958 1724 1989 etiam
1754 1967 1831 1999 quae
1853 1958 2024 2000 Neoptole-

138 2028 206 2050 mus
238 2020 418 2060 exposuerit
448 2019 486 2051 de
514 2021 604 2051 armis
635 2021 768 2061 paternis
797 2020 854 2051 sibi
887 2019 1046 2062 denegatis
1069 2019 1169 2059 deque
1198 2020 1264 2051 rixa
1287 2028 1366 2060 quae
1388 2021 1516 2060 propter
1537 2017 1615 2049 hanc
1644 2028 1708 2050 rem
1738 2019 1795 2051 sibi
1818 2030 1886 2052 cum
1909 2019 2023 2051 Atridis

139 2080 366 2121 intercesserit,
392 2081 514 2112 sincere
537 2090 608 2112 esse
633 2081 711 2113 dicta
735 2084 826 2122 atque
849 2082 895 2113 rei
917 2081 1100 2121 veritatique
1123 2080 1353 2112 convenienter.

270 2141 330 2172 lam
361 2142 386 2172 si
417 2142 593 2182 quaerimus
623 2142 694 2182 quid
726 2142 774 2173 alii
796 2142 964 2182 scriptores
994 2152 1030 2174 ea
1053 2142 1092 2174 de
1115 2152 1149 2173 re
1171 2142 1366 2181 tradiderint,
1398 2141 1549 2172 Homerus
1571 2141 1602 2171 in
1625 2140 1681 2172 Od.
1704 2142 1760 2181 Xl,
1783 2142 1848 2174 506
1869 2152 1937 2183 sqq.
1971 2142 2023 2174 ubi

139 2205 311 2232 narrantem
335 2202 451 2249 Achilli.
474 2203 553 2243 apud
582 2202 699 2234 inferos
729 2202 800 2234 sccit
826 2202 943 2233 Ulixem
973 2203 1011 2234 de
1034 2203 1226 2245 Neoptolemi
1249 2203 1300 2234 lilii
1323 2203 1435 2234 virtute
1468 2211 1503 2233 ac
1527 2201 1702 2242 prudentia,
1731 2212 1884 2235 armorum
1913 2203 2022 2235 nullam

140 2261 241 2292 iniecit
266 2264 457 2294 mentionem.
506 2264 595 2305 Apud
615 2265 759 2301 Quintum
783 2267 883 2295 autem
907 2263 1026 2305 Smyrn.
1049 2263 1194 2308 (Paralip.
1212 2266 1298 2297 Hom.
1317 2264 1379 2304 Vll,
1399 2263 1462 2295 194
1475 2267 1507 2296 et
1520 2263 1586 2295 444
1601 2262 1689 2307 sqq.)
1709 2265 1812 2297 Ulixes
1834 2265 2022 2306 persuadens

139 2321 341 2363 Neoptolemo
364 2327 397 2355 ut
419 2324 540 2356 Troiam
564 2325 662 2366 Scyro
693 2334 798 2356 secum
832 2326 1046 2357 transvehatur
1075 2326 1155 2357 ultro
1186 2327 1332 2367 promittit
1355 2325 1449 2366 patris
1472 2334 1554 2355 arma
1585 2334 1620 2356 se
1643 2325 1671 2356 ei
1694 2325 1832 2357 daturum
1854 2325 2021 2366 eademque

139 2393 224 2415 arma
245 2384 461 2425 Neoptolemus
484 2390 516 2418 ut
538 2387 569 2418 in
592 2390 691 2418 castra
712 2386 901 2418 Graecorum
924 2388 1064 2428 pervenit
1087 2388 1188 2419 statim
1211 2387 1360 2428 proelium
1381 2386 1509 2417 initurus
1530 2385 1587 2416 sibi
1611 2385 1717 2417 induit.
1764 2386 1875 2418 Similia
1896 2386 2021 2418 Proclus

137 2445 168 2476 in
193 2445 355 2477 chrestom.
380 2455 421 2478 ex
443 2446 550 2479 Lesch.
575 2447 607 2479 ll.
632 2448 703 2480 min.
727 2447 848 2479 videtur
870 2448 1024 2480 retulisse.
1079 2448 1142 2479 Hos
1170 2449 1263 2490 igitur
1293 2448 1318 2478 si
1341 2456 1506 2487 sequemur
1527 2448 1687 2487 auctores,
1717 2446 1883 2478 abiicienda
1905 2448 1962 2479 erit
1985 2457 2022 2480 ea

138 2515 229 2546 quam
253 2516 346 2548 supra
370 2509 584 2550 proposuimus
607 2510 645 2541 de
662 2509 806 2541 hocloco
829 2509 991 2541 sententia.
1037 2508 1076 2540 At
1099 2508 1171 2550 quid
1188 2508 1288 2540 obstat
1316 2508 1492 2548 quominus
1517 2516 1668 2539 sumamus
1683 2510 1805 2548 praeter
1820 2516 1886 2539 eam
1902 2507 2020 2548 samam,
