2159 2757
958 198 1184 235 -4-

823 308 916 350 Soph.
940 308 1061 341 Electra
1084 317 1114 339 v.
1140 307 1223 340 ¹037
1246 316 1313 348 sqq.

558 387 639 419 HA.
685 384 738 428 τῷ
762 384 816 427 σῷ
846 382 974 429 δικαίῳ
998 383 1072 429 δῆτ’
1095 383 1300 418 ἐπισπέσθαι
1322 396 1362 422 με
1387 380 1438 416 δεῖ
1446 397 1460 421 ,·

557 447 630 479 XP.
675 446 764 479 ὅταν
785 446 858 490 γὰρ
881 443 918 479 εὖ
944 445 1097 491 φρονῇς,
1121 444 1199 478 τόθ’
1221 443 1347 489 ἡγήσει
1370 444 1413 477 σύ
1437 443 1524 485 νῷν.

558 507 640 538 ΗΛ.
685 502 708 550 ἦ
734 503 851 539 δεινόν
873 503 909 539 εὖ
936 506 1115 550 λέγουσαν
1138 504 1404 545 ἐξαμαρτάνειν.

558 567 633 601 ΧΡ.
680 567 818 611 εἴρηκας
840 567 979 610 ὀρθῶς,
1003 563 1033 610 ᾦ
1059 566 1103 599 σύ
1124 564 1325 608 πρόςκεισαι
1347 564 1460 607 κακῷ.

558 628 639 660 ΗΛ.
683 627 718 659 τί
740 624 794 665 δ’,·
818 629 863 660 ου’
887 624 985 661 δοκῶ
1009 634 1067 660 σοι
1090 625 1200 659 ταῦτα
1223 624 1291 657 σύν
1315 623 1394 670 δίκῃ
1419 624 1555 669 λέγειν,-

558 688 631 720 XP.
678 687 766 721 ἀλλ’
790 687 882 721 ἔστιν
904 687 989 721 ἔνθα
1011 686 1064 731 χή
1089 684 1167 730 δίκη
1189 683 1339 729 βλάβην
1361 684 1467 730 φέρει.

265 781 311 812 De
340 781 555 813 sententiarum
586 791 664 823 quae
697 784 836 815 versibus
864 793 956 824 supra
986 784 1107 824 scriptis
1136 784 1215 814 inter
1245 792 1279 814 se
1311 787 1475 814 nectuntur
1504 784 1622 815 ratione
1652 794 1714 815 non
1737 794 1829 825 parva
1859 790 1906 818 est
1931 787 2010 818 inter

134 840 219 872 viros
233 840 340 873 doctos
356 841 515 873 dissensio.
561 842 652 875 cuius
676 843 874 876 dissensionis
888 853 979 876 causa
1004 844 1035 875 in
1050 844 1086 875 iis
1102 843 1231 875 maxime
1254 845 1301 874 est
1317 843 1426 883 posita,
1450 852 1528 883 quae
1542 843 1664 875 Electra
1679 844 1767 877 dicit:
1790 841 1813 889 ἦ
1840 842 1956 879 δεινόν
1971 842 2007 878 εὖ

134 899 313 945 λέγουσαν
329 899 594 944 ἐξαμαρτάνειν.
630 904 668 935 Et
683 904 859 937 Wunderus
876 905 1007 945 quidem,
1025 905 1074 936 cui
1090 904 1252 936 assentitur
1267 904 1462 946 Hartungius‚
1478 905 1524 936 his
1539 908 1645 937 censet
1660 905 1810 939 Electram
1823 908 2010 949 exprobrare

135 962 384 1005 Chrysothemidi‚
402 963 493 1005 quod,
509 973 689 1006 quamquam
705 969 790 998 recte
806 965 895 1007 dicat,
919 970 1018 998 tamen
1035 974 1098 997 non
1112 968 1197 997 recte
1212 965 1318 1004 saciat3
1342 965 1485 997 miserum
1505 966 1586 998 enim
1602 976 1671 999 esse
1694 977 1771 1009 eam,
1794 978 1872 1009 quae
1887 968 1966 1001 dicat
1980 969 2010 1001 id

135 1032 205 1055 esse
219 1024 388 1055 faciendum
404 1025 486 1064 quod
501 1025 611 1056 iustum
629 1027 678 1065 sit,
694 1035 756 1057 non
771 1026 874 1057 facere
889 1027 971 1066 quod
986 1028 1097 1057 iustum
1113 1028 1168 1064 sit3
1194 1027 1424 1058 ostendisse
1446 1031 1571 1059 autem
1593 1029 1700 1059 modo
1723 1030 2011 1070 Chrysothemi-

136 1083 231 1125 dem,
255 1084 362 1126 quod
385 1085 533 1117 iustum
556 1088 664 1118 esset
686 1076 915 1118 faciundum
939 1095 1042 1118 esse.
1088 1085 1129 1117 At
1151 1087 1183 1118 in
1206 1096 1241 1118 ea
1265 1087 1386 1128 quidem
1408 1087 1585 1129 tragoediae
1608 1091 1711 1129 parte,
1743 1089 1829 1120 cuius
1851 1089 1900 1121 hic
1924 1090 2010 1122 locus

135 1149 197 1184 est,
219 1146 261 1176 nil
283 1146 341 1176 tale
365 1146 496 1177 ostendit
514 1146 758 1187 Chrysothemis‚
782 1151 813 1178 et
835 1157 913 1187 quae
937 1148 1011 1178 dixit
1025 1147 1132 1178 eadem
1154 1157 1183 1177 v.
1201 1147 1266 1178 338
1282 1156 1329 1187 sq.
1353 1147 1467 1178 καίτοι
1489 1147 1528 1178 τό
1552 1147 1615 1185 μὲν
1638 1145 1778 1180 δίκαιον
1801 1150 1874 1189 οὐχ
1896 1147 1919 1194 ᾗ
1944 1150 2007 1194 ’γώ

134 1203 247 1249 λέγω,
271 1203 357 1237 ἀλλ’
383 1201 406 1250 ᾗ
432 1204 475 1237 σύ
501 1206 644 1247 κρίνεις,
675 1216 711 1238 ea
733 1207 899 1238 remotiora
921 1210 991 1238 sunt
1014 1215 1104 1247 quam
1126 1215 1204 1246 quae
1228 1216 1310 1238 nunc
1332 1207 1487 1247 respicere
1509 1208 1606 1248 possit
1627 1208 1756 1240 Electra.
1801 1210 1919 1242 Deinde
1940 1211 2009 1242 huic

134 1267 326 1307 explicationi
353 1268 412 1299 hoc
435 1276 560 1308 quoque
582 1269 703 1300 videtur
731 1268 853 1300 obstare
877 1268 973 1309 quod,
1004 1268 1030 1299 si
1063 1268 1122 1299 isto
1151 1277 1245 1299 sensu
1273 1267 1374 1299 locuta
1403 1271 1450 1299 est
1477 1267 1613 1309 Electra,
1645 1269 1727 1301 nullo
1756 1271 1847 1302 modo
1874 1271 2010 1313 Chryso-

133 1327 256 1359 themidi
279 1328 362 1359 licuit
384 1327 535 1359 subiicere
568 1327 704 1371 εἴρηκας
729 1325 864 1368 ὀρθῶς,
892 1322 921 1368 ᾧ
949 1325 990 1357 σύ
1016 1325 1214 1367 πρόςκεισαι
1238 1326 1353 1367 κακῷ.
1398 1327 1473 1358 Nam
1495 1323 1531 1358 εὖ
1558 1326 1671 1370 λέγειν
1700 1339 1768 1361 cum
1797 1330 1916 1362 Electra
1947 1341 2010 1363 non

130 1391 266 1430 potuerit
288 1390 345 1421 dici
367 1390 422 1421 nisi
445 1393 626 1430 propterea,
657 1389 740 1430 quod
763 1389 933 1422 necandum
956 1399 1027 1421 esse
1050 1389 1124 1421 dixit
1146 1388 1344 1431 Aegisthum,
1375 1388 1528 1429 quomodo
1560 1389 1665 1423 eadem
1688 1392 1783 1432 possit
1807 1393 1894 1436 argui
1925 1391 2009 1428 ε’ἔα-

131 1448 325 1492 μαρτάνειν
355 1454 534 1493 propterea,
565 1451 653 1492 quia,
687 1450 769 1491 quod
800 1450 976 1482 decrevisse
1006 1459 1041 1480 se
1068 1453 1152 1480 recte
1181 1449 1308 1488 dixerit,
1339 1448 1419 1478 idem
1450 1449 1521 1479 velit
1551 1450 1726 1489 perficere?
1770 1452 1864 1488 Quam
1887 1454 2008 1493 quidem

132 1513 338 1545 difficultatem
368 1513 474 1545 tollere
504 1513 560 1545 sibi
590 1513 711 1545 videtur
733 1513 910 1545 Wunderus
938 1512 1053 1544 docens
1084 1520 1146 1543 non
1173 1510 1282 1543 eodem
1314 1519 1408 1542 sensu
1432 1510 1468 1542 ab
1490 1510 1611 1543 Electra
1635 1512 1766 1553 positum
1789 1523 1858 1546 esse
1882 1514 2008 1548 verbum

131 1571 390 1615 ἐξαμαρτάνειν
419 1583 478 1614 quo
509 1577 666 1615 acceptum
698 1574 737 1605 sit
769 1583 786 1605 a
809 1573 1059 1614 chrysothemide
1069 1583 1078 1610 3
1109 1572 1260 1603 Electram
1291 1572 1371 1602 enim
1402 1571 1461 1602 hoc
1492 1572 1625 1603 voluisse
1656 1574 1843 1615 significare:
1873 1575 2007 1607 facere

132 1635 236 1675 quod
267 1644 346 1666 non
376 1635 521 1666 iustum
549 1635 817 1666 honestumve
841 1637 967 1674 esset,
1000 1633 1279 1676 Chrysothemidem
1303 1636 1402 1665 autem
1425 1633 1469 1664 sic
1492 1642 1655 1675 usurpasse
1679 1638 1712 1666 ut
1734 1639 1833 1667 esset:
1866 1636 2007 1669 facere

131 1694 236 1735 quod
267 1703 342 1725 non
373 1694 473 1725 utile
502 1695 862 1735 perniciosumque
891 1698 1007 1725 esset.
1055 1694 1116 1725 Sed
1139 1704 1319 1734 quamquam
1341 1694 1449 1734 negari
1478 1703 1540 1724 non
1564 1698 1664 1734 potest
1687 1696 1835 1727 eiusmodi
1857 1698 2008 1739 ambigui-

130 1760 193 1789 tate
225 1756 372 1788 orationis
400 1765 473 1788 usos
502 1766 718 1798 nonnunquam
749 1765 820 1789 esse
847 1759 954 1797 poetas
985 1756 1120 1798 tragicos
1150 1764 1188 1788 eo
1218 1755 1348 1787 maxime
1379 1754 1524 1795 consilio,
1555 1757 1589 1787 ut
1615 1755 1664 1787 vel
1695 1756 1857 1798 cupiditate
1880 1756 2008 1799 quadam

131 1818 286 1849 occaecati
312 1817 452 1848 homines
481 1817 543 1848 suis
572 1818 629 1857 ipsi
659 1817 747 1848 dictis
777 1817 984 1857 imprudentes
1016 1817 1193 1847 viderentur
1221 1816 1390 1846 tristissima
1421 1825 1561 1856 quaeque
1593 1818 1766 1857 vaticinari,
1801 1819 1850 1849 vel
1878 1818 2007 1850 humana

130 1879 255 1911 stultitia
281 1888 317 1910 ac
340 1879 510 1910 temeritate
533 1878 697 1910 dissidente
720 1888 738 1909 a
760 1887 864 1909 rerum
886 1878 1012 1909 veritate
1035 1878 1199 1918 divinoque
1221 1877 1344 1909 numine
1369 1880 1402 1909 ut
1425 1876 1548 1919 gravius
1572 1881 1838 1910 commoverentur
1863 1882 2007 1920 spectan-

130 1940 204 1970 tium
227 1939 333 1970 animi:
365 1941 466 1969 tamen
495 1938 566 1970 illud
595 1948 650 1969 eos
680 1939 792 1969 fecisse
823 1947 885 1968 non
915 1938 1033 1969 videtur
1065 1938 1257 1969 statuendum
1286 1947 1357 1968 esse
1379 1939 1437 1968 nisi
1461 1938 1497 1968 iis
1519 1938 1613 1976 locis,
1643 1939 1752 1977 quibus
1776 1939 1825 1970 vel
1846 1940 2006 1979 peculiaris

131 1999 278 2041 quaedam
302 2000 348 2031 vis
371 2000 489 2042 tragica
512 2000 647 2040 quaesita
669 2002 716 2031 est
739 2009 780 2031 ex
802 1998 1012 2041 ambiguitate,
1042 1999 1092 2031 vel
1114 2000 1164 2041 qui
1187 1999 1353 2031 faciliorem
1378 2007 1440 2030 non
1464 1997 1577 2030 habent
1604 1998 1835 2039 explicationem
1858 2007 2007 2041 quorum-

130 2070 190 2100 que
221 2061 298 2091 ratio
330 2061 395 2100 ipsa
426 2061 510 2101 cogit
540 2060 761 2099 quodammodo
791 2059 829 2090 ad
860 2059 1084 2100 ambiguitatem
1113 2061 1199 2090 istam
1230 2068 1380 2090 revocare
1410 2059 1700 2097 interpretationem.
1747 2060 1835 2096 Quod
1858 2060 2008 2093 hocloco

131 2130 193 2154 non
215 2130 285 2154 esse
308 2121 516 2154 necessarium
538 2120 628 2163 paulo
650 2123 719 2162 post
741 2119 917 2152 videbimus.

259 2184 293 2213 ln
323 2184 380 2214 alia
407 2184 506 2214 omnia
537 2183 723 2214 Doederlino
751 2183 916 2213 obsecutus
942 2184 1032 2220 atque
1061 2180 1209 2211 Ellencltio
1239 2180 1379 2211 discessit
1402 2178 1667 2219 Schneidewinus,
1697 2190 1787 2220 quem
1816 2185 2007 2222 praematura

131 2245 230 2275 morte
242 2242 290 2275 his
304 2243 398 2275 literis
419 2246 557 2285 ereptum
580 2252 688 2275 omnes
709 2242 859 2285 lugemus.
907 2240 935 2272 ls
957 2241 1036 2272 enim
1060 2241 1186 2280 censuit,
1211 2249 1290 2281 quae
1304 2240 1424 2271 Electra
1448 2239 1563 2271 (liceret
1585 2234 1607 2283 ᾖ
1635 2235 1750 2271 δεινόν
1773 2235 1810 2271 εὖ
1828 2238 2008 2285 λέγουσαν

131 2302 397 2344 ἐξαμαρτάνειν,
420 2305 457 2336 ad
479 2306 574 2345 ipsam
588 2304 740 2336 Electram
756 2313 825 2334 esse
848 2302 1027 2341 referenda;
1051 2304 1138 2343 queri
1160 2312 1237 2342 eam,
1259 2302 1343 2343 quod
1365 2311 1438 2333 vera
1460 2301 1564 2333 dicens
1586 2305 1685 2345 tamen
1708 2312 1770 2334 non
1792 2307 2009 2344 assequeretur

131 2364 215 2406 quod
229 2364 339 2403 vellet3
361 2365 537 2405 persuaderi
559 2360 639 2397 enim
655 2373 718 2396 non
736 2373 828 2406 posse
845 2363 1096 2405 Chrysothemidi,
1120 2366 1154 2395 ut
1167 2362 1347 2406 Aegisthum
1363 2371 1423 2393 una
1438 2371 1541 2394 secum
1558 2363 1662 2395 ulcisci
1676 2363 1812 2396 auderet.
1857 2362 1918 2398 Sed
1931 2363 2007 2396 haec

130 2434 255 2466 quoque
270 2425 479 2466 interpretatio
496 2425 585 2457 habet
601 2434 662 2466 quo
677 2425 841 2466 displiceat.
887 2425 1017 2456 Primum
1032 2425 1122 2463 enim,
1146 2424 1228 2463 quod
1243 2423 1413 2454 rectissime
1429 2423 1575 2456 intellexit
1590 2424 1775 2465 Wunderus,
1789 2425 1855 2465 ipsa
1869 2424 2007 2466 Chryso-

128 2486 239 2519 themis
254 2488 338 2527 putat
354 2484 403 2517 illa
419 2485 456 2517 de
472 2494 506 2517 se
520 2495 590 2518 esse
605 2486 694 2526 dicta,
709 2488 741 2518 et
755 2485 838 2527 quod
854 2485 1049 2526 opprobrium
1064 2485 1095 2516 in
1111 2493 1177 2518 eam
1193 2484 1324 2516 coniecit
1331 2483 1460 2525 Electra,
1476 2484 1555 2516 idem
1571 2485 1602 2516 in
1613 2484 1692 2516 illam
1706 2485 1804 2517 reiicit
1816 2484 2007 2526 respondens
