2159 2757
966 212 1011 217 -.-
1069 192 1089 227 ῖ
1145 211 1191 216 .-

144 295 238 329 verbo
259 295 455 337 χαίρουσιν
476 295 608 336 potuerit
630 293 759 335 efferre,
783 293 886 326 maluit
908 293 1016 326 eodem
1039 302 1133 327 sensu
1154 292 1257 324 dicere
1279 290 1399 327 καλῶς
1422 291 1464 323 td
1489 292 1615 324 κείνων
1636 290 1751 324 πάντα
1773 293 1874 333 „bene
1896 294 2017 327 illorum

143 358 242 389 omnia
263 366 298 388 se
320 356 469 394 habent“‚
500 355 519 385 i.
546 364 574 398 e.
606 354 835 386 fortunatissimi
857 354 913 384 sibi
935 354 1077 385 videntur
1098 363 1186 394 esse,
1215 355 1288 385 nihil
1318 355 1477 395 opinantes
1507 354 1615 386 laetius
1636 355 1694 386 sibi
1716 356 1851 396 potuisse
1873 356 2016 389 accidere

142 418 331 459 caeterisque
352 416 445 449 rebus
465 416 527 447 suis
550 415 692 448 secundis
714 415 838 458 adiungi
859 424 948 456 quam
971 415 1088 448 Orestis
1111 416 1273 448 interitum.
1320 414 1412 448 Addit
1442 419 1543 448 autem
1565 416 1703 448 acumine
1726 417 1855 457 quodam
1885 417 1946 449 καὶ
1968 417 2013 449 τά

138 478 186 521 μή
212 477 330 512 καλῶς
353 478 464 517 „etiam
488 486 565 517 quae
587 485 650 508 non
673 477 752 507 bene
774 486 809 508 se
834 476 985 516 habent“,
1008 486 1069 517 quo
1091 477 1203 508 indicat
1226 478 1347 508 minime
1370 486 1427 508 eos
1449 478 1598 517 suspicari
1619 477 1697 509 falso
1719 486 1754 508 se
1776 478 1921 519 deceptos
1943 488 2015 511 esse

140 539 246 570 nuntio
268 537 332 577 vel,
355 547 434 578 quae
457 536 638 568 faustissime
661 536 820 569 videantur
842 538 1000 577 evenisse,
1024 546 1060 568 ea
1082 538 1147 578 ipsa
1170 538 1334 578 perniciem
1358 537 1415 569 sibi
1437 547 1508 570 esse
1530 537 1665 570 allatura.

271 599 375 637 ltaque
399 606 460 628 non
489 597 651 637 probamus
679 606 746 627 eain
776 597 1073 638 interpretationem,
1108 607 1167 638 qua
1197 596 1316 633 καλῶς
1337 597 1379 629 τὰ
1403 598 1529 629 κείνων
1552 596 1669 630 πάντα
1698 598 1900 639 explicantur:
1931 609 2014 641 „op-

140 663 269 702 portuna
301 658 419 690 vobis
450 658 549 689 omnia
572 658 681 697 sunt“‚
712 667 780 689 cum
803 662 927 700 propter
949 658 1180 700 praecedentia,
1212 659 1321 699 quibus
1347 659 1407 691 hoc
1436 659 1518 691 dicto
1551 659 1770 700 respondetur,
1802 663 1864 692 tum
1889 666 2015 703 propter

140 721 316 761 sequentia,
348 729 427 760 quae
456 719 574 750 ratione
598 718 706 750 idonea
737 729 805 750 cum
827 719 886 750 hoc
910 719 991 750 dicto
1013 722 1083 751 sunt
1106 719 1330 761 coniungenda.
1376 719 1494 751 Etenim
1516 729 1607 760 quam
1629 720 1875 753 Schneidewinus
1896 731 2015 763 propo-

139 782 199 814 suit
221 781 385 813 verborum
408 777 467 811 καὶ
488 777 531 810 τά
556 777 604 822 μή
629 777 748 815 καλῶς
776 789 878 812 veram
901 780 1133 822 explicationem
1162 781 1262 822 „auch
1290 790 1354 812 was
1377 780 1426 813 fiir
1448 781 1493 813 sie
1516 781 1599 813 nicht
1623 785 1679 823 gut
1699 782 1818 823 steht“,
1847 793 1884 815 ea
1914 787 2014 815 tamen

140 844 237 875 aliena
260 846 307 873 est
329 842 366 872 ab
389 842 448 872 hoc
470 842 556 879 loco,
586 842 611 871 si
635 839 754 875 καλῶς
775 840 817 871 ra}
842 841 966 871 κείνων
988 839 1104 871 πάντα
1126 845 1197 872 sunt
1220 842 1298 872 dicta
1323 841 1361 872 de
1384 841 1478 872 rebus
1499 841 1771 883 Clytaemnestrae‚
1801 843 1911 885 quippe
1934 853 2013 885 quae

140 903 394 946 opportunitatem
416 901 559 934 facinoris
580 901 773 943 perpetrandi
795 902 960 944 praebeant
983 901 1093 934 Oresti.
1138 902 1214 934 Nam
1237 912 1315 943 quae
1337 903 1368 933 in
1390 902 1649 944 Clytaemnestrae
1671 904 1763 936 rebus
1787 904 1888 936 favent
1911 905 2014 938 Oresti

140 975 208 997 cum
235 965 323 1006 plane
351 964 457 996 eadem
486 964 546 995 sint
575 967 665 1004 atque
696 974 732 995 ea
763 973 841 1003 quae
872 964 1129 1004 Clytaemnestrae
1151 967 1222 994 sunt
1248 964 1403 1003 nocitura,
1435 964 1507 1003 quid
1537 964 1594 995 sibi
1616 964 1689 995 velit
1711 965 1918 1006 interpositum
1941 967 2014 998 illud

140 1025 215 1066 καί,
247 1034 308 1066 quo
331 1025 482 1057 indicetur
504 1024 576 1055 novi
599 1024 710 1065 aliquid
737 1024 824 1056 adiici
847 1027 877 1055 et
901 1024 982 1065 quod
1005 1025 1100 1056 maius
1122 1025 1157 1056 sit
1182 1025 1393 1066 graviusque?
1415 1043 1459 1048 —
1481 1025 1687 1057 Hermannum
1717 1027 1743 1057 si
1772 1028 1839 1067 quis
1866 1032 2014 1068 sequatur

139 1088 233 1119 verba
256 1085 315 1117 καὶ
336 1084 378 1117 τά
402 1084 451 1127 μή
473 1083 593 1119 καλῶς
617 1086 863 1124 interpretatum:
887 1086 997 1124 „etiam
1020 1086 1234 1131 scelestum
1259 1086 1519 1126 Clytaemnestrae
1534 1087 1572 1118 de
1587 1090 1687 1118 morte
1702 1087 1818 1119 Orestis
1840 1088 2014 1129 gaudium“,

140 1149 294 1181 duriorem
316 1148 342 1179 is
366 1146 478 1178 inseret
500 1146 569 1177 loco
592 1146 834 1188 ambiguitatem3
863 1145 973 1187 duplici
995 1136 1075 1178 enim
1097 1155 1191 1178 sensu
1216 1146 1390 1187 accipienda
1412 1148 1470 1179 erit
1493 1157 1556 1179 vox
1578 1146 1698 1183 καλῶς
1726 1151 1787 1180 tam
1808 1148 1894 1181 brevi
1916 1151 2014 1190 spatio

139 1211 265 1250 iterata,
293 1210 421 1250 primum
444 1209 484 1239 ita
506 1210 539 1238 ut
561 1206 714 1238 reseratur
736 1206 773 1238 ad
796 1216 898 1238 rerum
921 1207 1061 1239 Orestem
1086 1207 1289 1239 adiuvantium
1313 1209 1585 1249 opportunitatem,
1616 1208 1728 1241 deinde
1750 1210 1790 1241 ita
1812 1213 1845 1241 ut
1865 1210 2016 1253 significet

141 1272 222 1312 quali
250 1271 350 1302 animo
378 1271 417 1301 sit
439 1269 619 1309 qualemque
646 1278 681 1299 se
703 1269 847 1308 praebeat
876 1269 941 1309 ipsa
962 1257 1210 1317 Clytaemnestra.
1233 1286 1275 1290 —-
1298 1269 1459 1300 Praeterea
1480 1279 1550 1300 cum
1573 1273 1643 1310 post
1666 1279 1703 1301 ea
1725 1279 1803 1310 quae
1825 1272 2015 1302 commiserat

141 1332 379 1372 Clytaemnestra
401 1329 518 1360 scelera
539 1329 647 1360 mirum
670 1337 732 1359 non
753 1329 885 1369 potuerit
907 1337 994 1368 esse,
1025 1328 1106 1369 quod
1135 1328 1174 1359 de
1197 1328 1315 1360 Orestis
1343 1330 1454 1361 mortui
1482 1330 1588 1361 nuntio
1626 1330 1824 1362 vehementer
1844 1330 2016 1372 laetaretur,

140 1393 192 1424 vix
224 1392 368 1424 credibile
401 1395 448 1422 est
478 1391 690 1433 paedagogum
721 1391 862 1422 laetitiam
891 1390 969 1421 illam
999 1390 1175 1421 admiratum
1203 1391 1277 1421 tanti
1308 1390 1419 1421 secisse
1448 1394 1481 1422 ut
1503 1394 1563 1422 tam
1586 1391 1732 1432 gravibus
1757 1400 1824 1422 eam
1846 1391 2014 1431 iisdemque

141 1458 200 1485 tam
231 1454 370 1485 obscuris
399 1452 500 1484 verbis
530 1455 792 1483 commemoraret.
815 1453 822 1457 “
837 1452 976 1492 Denique
998 1438 1162 1483 Hermanni
1191 1451 1393 1492 explicatione
1424 1450 1651 1494 distinguuntur
1678 1452 1764 1493 quasi
1794 1451 2014 1493 quodammodo

141 1525 219 1556 quae
242 1525 260 1547 a
283 1514 523 1556 Clytaemnestra
554 1513 633 1545 facta
662 1514 722 1545 sint
748 1513 879 1545 sceleste
908 1513 944 1545 ab
971 1514 1007 1545 iis
1030 1523 1108 1554 quae
1138 1523 1201 1545 non
1231 1514 1361 1546 sceleste
1392 1515 1452 1545 sint
1481 1514 1576 1555 sacta,
1608 1515 1656 1546 vel
1684 1515 1808 1554 saltem,
1837 1523 2015 1555 quamquam

140 1577 220 1608 vitae
250 1576 316 1607 eius
346 1575 479 1607 conditio
509 1577 540 1605 et
571 1574 692 1606 fortuna
723 1584 820 1615 paene
849 1578 912 1606 tota
941 1575 1045 1606 nititur
1067 1574 1249 1617 flagitiorum
1272 1575 1476 1616 turpitudine,
1508 1579 1610 1607 tamen
1633 1575 1776 1617 gaudium
1803 1584 1864 1615 quo
1886 1574 2014 1606 afficitur

138 1637 188 1668 illa
208 1636 326 1668 Orestis
348 1639 446 1667 morte
469 1638 590 1677 praeter
617 1638 720 1666 cetera
742 1636 771 1667 ei
792 1635 932 1667 obiicitur
952 1638 986 1666 ut
1007 1635 1169 1667 scelestum
1191 1639 1223 1667 et
1245 1636 1376 1677 impium.
1423 1636 1507 1674 Quae
1530 1637 1630 1668 onmia
1655 1640 1689 1669 ut
1711 1636 1869 1668 credamus
1892 1638 1923 1667 et
1945 1644 2014 1666 cum

140 1699 232 1731 totius
254 1698 314 1730 loci
336 1698 453 1729 ratione
478 1700 509 1729 et
530 1706 599 1728 cum
622 1696 792 1739 paedagogi
814 1706 907 1728 sensu
931 1701 962 1728 et
985 1697 1169 1740 cogitatione
1192 1707 1366 1739 congruere
1389 1698 1576 1738 persuadere
1598 1698 1686 1730 nobis
1710 1707 1772 1729 non
1794 1706 1962 1738 possumus.

852 1827 943 1868 Soph.
969 1827 1041 1859 rhu.
1064 1837 1093 1859 v.
1117 1827 1313 1859 391—402.

483 1895 585 1927 XOP.
630 1893 821 1936 Ὀρεστὲρα
841 1893 1006 1935 παμβώτι
1029 1894 1103 1933 Γᾶ,
1125 1896 1236 1937 μᾶτερ
1261 1895 1374 1928 αὐτοῦ
1399 1895 1508 1932 Διός,

630 1953 652 1988 ἆ
677 1954 742 1988 τόν
762 1954 871 1999 μέγαν
893 1956 1100 1989 Πακτωλόν
1122 1956 1307 1999 εὔχρυσον
1328 1955 1448 1995 νέμεις,

631 2016 668 2047 σὲ
691 2016 809 2052 κάκεῖ,
832 2017 942 2058 μᾶτερ
965 2017 1097 2059 πότνι’,
1120 2014 1350 2062 {novoe-inan,

632 2077 686 2110 ο”τ’
711 2078 738 2115 ἐς
761 2074 857 2111 τόνδ’
880 2076 1056 2121 Ἀτρειδᾶν
1078 2078 1182 2122 ὕβρις
1202 2079 1287 2112 πᾶα)
1313 2078 1460 2121 ἐχώρει,

629 2138 688 2170 ὅτε
710 2138 753 2171 τᾶ
778 2139 911 2181 πάτρια
933 2139 1061 2179 τεύχεα
1084 2136 1342 2181 παρεδίδοσαν,

630 2199 673 2231 ἰώ
697 2198 858 2242 μάκαιρα
881 2200 1136 2243 ταυροκτόνων

627 2260 786 2295 ,λεόντων
808 2258 943 2307 ἔφεδρε,
965 2261 1018 2304 τῷ
1041 2262 1201 2305 Λαρτίου

632 2322 734 2362 σέβας
755 2322 964 2367 ὑπέρτατον.

269 2420 335 2452 Hoc
357 2420 491 2452 carmine
514 2430 593 2461 quae
616 2422 697 2453 canit
719 2421 831 2453 chorus
853 2422 1010 2461 quaeritur
1031 2424 1132 2452 utrum
1155 2420 1229 2452 falsa
1251 2421 1311 2451 sint
1334 2421 1434 2451 omnia
1456 2424 1488 2452 et
1510 2420 1595 2460 ficta,
1618 2429 1658 2452 an
1679 2429 1753 2451 vera
1776 2423 1807 2451 et
1824 2420 1915 2451 rebus
1938 2428 2016 2459 quae

137 2481 237 2515 factae
266 2485 355 2515 erant
386 2482 587 2526 congruentia
615 2483 734 2525 possint
763 2482 876 2515 haberi.
933 2482 1021 2521 Quod
1048 2481 1204 2515 diiudicari
1235 2481 1341 2522 nequit
1369 2481 1427 2513 nisi
1456 2481 1627 2514 accuratius
1656 2480 1856 2514 consideratis
1878 2481 1914 2512 iis
1937 2490 2017 2522 quae
