2159 2757
977 222 1022 227 ..
1077 201 1100 238 5
1156 221 1202 227 ...

155 306 291 349 εἴρηκας
314 304 450 347 ὀρθῶς,
474 301 503 346 ᾦ
529 303 571 335 σύ
596 301 797 344 πρόςκεισαι
820 301 932 344 κακῷ.
978 302 1190 335 Deinde'haec
1206 301 1574 344 Chrysothemidis‘verba
1590 307 1635 333 ne
1654 306 1776 334 careant
1787 313 1881 335 sensu
1903 304 2026 345 idoneo,

155 366 366 399 admittendam
389 365 493 398 statuit
506 363 755 396 Schneidewinus
770 364 994 407 ambiguitatem
1017 364 1106 395 etiam
1121 362 1216 395 inulto
1238 362 1392 395 duriorem
1408 372 1497 404 quam
1513 361 1699 395 Wunderus.
1745 363 2028 406 Chrysothemidem

155 429 235 460 enim
259 429 318 459 hoc
341 429 382 459 ait
403 427 452 457 ille
475 425 595 458 dicere:
626 426 666 457 ln
688 426 762 458 hoc
783 427 870 467 ipso
894 429 933 457 tu
956 434 997 457 es
1020 425 1138 466 vitio,
1167 427 1207 456 ut
1229 424 1399 456 honesta
1423 423 1619 464 loquaris,
1649 433 1769 465 prava
1794 434 1897 467 agas.
1943 426 2028 458 llaec

156 498 231 521 vero
254 489 403 521 sententia
426 488 462 519 ab
488 497 541 527 ea,
570 497 630 527 qua
659 487 890 519 Schneidewino
920 490 1046 518 auctore
1070 486 1190 517 Electra
1217 485 1363 516 sumenda
1393 488 1441 517 est
1462 494 1517 516 sua
1540 484 1669 524 dixisse,
1700 488 1813 516 tantum
1836 486 1942 527 distat,
1973 489 2027 519 vix

155 553 189 582 ut
218 550 392 590 quisquam,
428 549 479 589 qui
509 548 577 579 talia
603 547 813 589 colloquentes
842 547 958 588 audiat,
993 546 1141 579 eiusmodi
1169 546 1318 578 sermonis
1350 548 1527 591 contextum
1557 546 1654 587 possit
1688 546 1863 579 coniectura
1892 549 2025 589 assequi.

155 611 313 642 Postremo
343 610 374 641 in
396 610 431 640 iis
455 618 532 649 quae
555 608 630 641 dixit
656 608 776 641 Electra
804 618 943 649 quaeque
972 607 1129 649 respondit
1160 607 1387 649 Chrysothemis
1416 617 1484 640 cum
1513 608 1676 639 maximum
1706 609 1874 640 sententiae
1906 610 2026 651 pondus

156 672 287 713 positum
310 671 348 701 sit
370 670 402 701 in
422 670 547 701 notione
569 670 655 701 verbi
676 666 948 711 ἐξαμαρτάνειν,
977 669 1037 700 hoc
1063 669 1161 710 ipsum
1189 671 1288 700 autem
1317 668 1444 700 verbum
1472 671 1503 700 et
1525 667 1702 700 Wunderus
1725 671 1756 700 et
1778 668 2025 703 Schneidewinus

155 734 395 773 interpretentur
416 732 472 771 ita,
494 735 528 762 ut
549 733 608 763 vim
632 731 741 763 habeat
763 741 779 762 a
794 731 890 762 verbo
912 728 1025 773 λέγειν
1047 738 1173 770 prorsus
1196 730 1380 769 seiunctam,
1404 729 1531 760 offendit
1552 737 1610 760 nos
1633 728 1716 768 quod
1729 729 1848 761 Electra
1863 731 2025 763 subiiciens

155 792 190 823 τί
210 788 239 822 δ’
252 804 265 827 ,·
289 790 333 822 οὐ
359 787 457 822 δοκῶ
481 797 539 822 σοι
558 789 668 822 ταῦτα
693 790 760 822 σύν
783 786 862 834 δίκῃ
887 788 1035 832 λέγειν
1042 802 1055 826 ;
1077 790 1201 821 alteram
1215 791 1311 831 magis
1334 790 1444 830 premit
1466 789 1636 820 sententiae
1658 792 1790 829 partem,
1815 799 1892 830 quac
1919 793 2021 823 conti-

156 855 246 884 netur
273 851 369 884 verbo
399 845 520 893 Mysia.
580 851 647 888 Quo
677 851 709 882 fit
739 854 771 882 ut
801 852 878 882 iusta
907 850 1125 882 sententiarum
1158 851 1254 882 series
1283 850 1401 892 ingrata
1440 849 1568 890 quadam
1598 848 1799 890 discrepantia
1827 851 1961 883 solvatur
1989 862 2025 883 ac

157 913 348 945 distrahatur.

285 974 345 1006 Iam
369 983 556 1015 exponamus
579 973 697 1015 qualem
726 974 790 1015 ipsa
819 973 879 1005 loci
901 973 979 1005 ratio
1002 982 1038 1005 ac
1060 976 1166 1005 natura
1195 973 1308 1004 afferre
1333 972 1419 1013 quasi
1442 975 1532 1013 atque
1562 972 1593 1004 in
1618 981 1724 1004 manus
1748 973 1865 1005 tradere
1888 974 2026 1006 videatur

156 1037 399 1076 explicationem.

267 1095 405 1126 =Dictum
435 1094 573 1125 Electrae
602 1088 623 1136 ἧ
657 1089 773 1124 δεινόν
804 1088 838 1124 εὖ
872 1090 1050 1136 λέγουσαν
1078 1090 1332 1134 ἐξαμαρτάνειν
1372 1092 1531 1135 „profecto
1568 1093 1711 1125 miserum
1746 1093 1823 1126 bene
1850 1094 2026 1135 loquentem

156 1157 305 1197 peccare“
336 1155 530 1186 referendum
561 1158 608 1185 cst
639 1155 675 1185 ad
699 1154 978 1195 Chrysothemidem
1008 1155 1200 1194 pertinetque
1231 1154 1267 1184 ad
1296 1163 1332 1184 ea
1363 1163 1441 1193 quae
1463 1153 1541 1184 haec
1562 1153 1654 1184 modo
1677 1153 1752 1184 dixit
1783 1152 1869 1184 ὅταν
1890 1153 1960 1196 γάρ
1986 1150 2022 1185 εὖ

157 1213 307 1259 φρονῇς,
334 1212 412 1246 τόθ’
444 1212 567 1257 ἡγήσει
592 1212 634 1244 <513
666 1211 750 1254 νῷν.
801 1214 918 1246 Etenim
950 1214 1057 1255 probat
1077 1214 1197 1246 Electra
1226 1215 1422 1255 sententiam,
1454 1224 1532 1255 quae
1562 1214 1593 1246 in
1623 1214 1669 1245 his
1700 1215 1801 1247 verbis
1830 1217 1922 1248 inest:
1959 1217 2025 1257 qui

157 1277 302 1317 sapiat,
333 1286 414 1308 eum
445 1276 581 1307 <lucem
612 1285 705 1307 esse
734 1275 893 1319 debere,
916 1279 1007 1315 atque
1029 1275 1088 1306 hoc
1110 1276 1308 1315 pronuntians
1332 1270 1367 1305 εὖ
1394 1273 1506 1317 λέγειν
1529 1276 1558 1306 ei
1574 1275 1695 1306 videtur
1708 1276 1940 1316 Chrysothemis.
1985 1278 2026 1307 At

157 1336 283 1367 eandem
307 1336 365 1367 hoc
387 1336 484 1376 ipsum
508 1335 658 1366 dicentem
682 1335 784 1366 statuit
806 1335 924 1367 Electra
955 1344 1087 1376 peccare
1118 1337 1209 1375 atque
1232 1343 1405 1378 repugnare
1427 1335 1561 1376 veritati,
1592 1335 1673 1377 quod
1698 1336 1854 1378 opinetur,
1884 1346 1945 1369 non
1967 1337 2026 1370 hoc

157 1402 295 1440 tempore
318 1398 393 1430 sana
414 1401 514 1430 mente
538 1407 607 1429 esse
631 1406 787 1437 sororem,
818 1397 873 1429 sed
902 1401 1021 1438 tempus
1044 1397 1164 1437 aliquod
1195 1398 1434 1438 exspectandum
1456 1408 1541 1437 esse,
1572 1408 1634 1437 quo
1658 1399 1694 1429 ab
1717 1408 1753 1429 ea
1776 1400 1864 1429 animi
1888 1409 2026 1430 commo-

157 1460 256 1498 tione,
280 1467 338 1497 qua
363 1467 442 1488 nunc
465 1459 596 1499 agitetur
617 1457 682 1496 illa,
706 1457 839 1488 reditura
861 1458 900 1488 sit
921 1457 957 1488 ad
980 1457 1089 1488 mentis
1111 1457 1280 1488 sanitatem.
1327 1456 1431 1498 ltaque
1454 1465 1516 1489 non
1540 1460 1610 1489 sunt
1633 1456 1770 1499 diversa,
1794 1458 1902 1500 quibus
1925 1458 2025 1501 Chry-

158 1520 302 1552 sothemis
332 1523 394 1552 tum
424 1514 459 1551 εὖ
490 1517 602 1562 λέγειν
630 1520 738 1551 dicitur
768 1523 829 1551 tum
857 1517 1128 1560 ἐξαμαρτάνειν,
1159 1520 1251 1551 veluti
1281 1521 1307 1552 si
1339 1521 1406 1560 quis
1436 1520 1537 1552 laudet
1568 1521 1727 1560 iustitiam,
1755 1521 1809 1552 sed
1837 1521 1924 1553 faciat
1947 1532 2026 1562 quae

157 1582 266 1612 iniusta
288 1582 366 1620 sint,
389 1581 438 1611 vel
461 1581 486 1611 si
509 1581 576 1620 quis
598 1580 783 1621 persuadere
806 1580 916 1620 aliquid
939 1583 1068 1611 conetur
1089 1580 1192 1619 alteri,
1216 1583 1246 1611 at
1269 1589 1450 1620 permovere
1473 1580 1571 1620 illum,
1602 1583 1635 1611 ut
1657 1580 1714 1611 sibi
1738 1580 1941 1622 obtemperet,
1964 1590 2027 1613 non

156 1642 253 1683 possit
261 1651 271 1680 ;
295 1642 325 1672 in
347 1650 407 1673 una
430 1642 530 1683 potius
553 1640 721 1681 cademque
742 1651 777 1673 re
800 1641 930 1682 positum
953 1644 1000 1672 est
1022 1644 1200 1681 utrumque,
1225 1644 1256 1672 et
1279 1641 1361 1681 quod
1385 1636 1420 1673 εὖ
1446 1639 1559 1683 λέγειν
1581 1642 1690 1673 dicitur
1712 1645 1743 1672 et
1766 1643 1846 1682 quod
1869 1640 2027 1682 ἐξαμαρ-

157 1700 281 1732 τάνειν.
328 1701 403 1731 Nam
429 1702 473 1732 sic
496 1703 587 1732 sentit
608 1701 746 1732 Electra:
778 1710 855 1740 quae
878 1710 933 1741 per
955 1710 989 1731 se
1013 1704 1147 1741 spectata
1168 1701 1229 1731 sint
1252 1701 1424 1741 verissima,
1456 1701 1561 1732 eadem
1584 1709 1647 1731 non
1670 1702 1701 1731 in
1724 1705 1859 1742 tempore
1885 1705 2028 1743 usurpata

157 1762 223 1795 fieri
252 1761 340 1802 falsa,
372 1765 403 1794 et
433 1772 613 1804 quamquam
642 1765 727 1794 recte
750 1762 882 1803 postulet
911 1761 1155 1804 ChrysothemiS,
1184 1765 1217 1794 ut
1248 1771 1351 1801 soror,
1381 1763 1406 1793 si
1435 1772 1548 1804 regere
1571 1772 1605 1794 se
1628 1762 1718 1802 velit,
1749 1763 1907 1804 prudentia
1927 1774 1966 1795 ne
1988 1765 2028 1795 sit

157 1824 310 1862 destituta,
332 1826 433 1853 tamen
448 1823 519 1854 illud
535 1824 631 1863 ipsum
647 1823 826 1863 postulando
843 1824 868 1853 si
883 1827 986 1864 neget,
1010 1832 1106 1854 nunc
1119 1832 1192 1853 sana
1208 1826 1309 1853 mente
1324 1823 1367 1853 uti
1384 1831 1533 1862 sororem,
1548 1822 1814 1854 vehementissime
1829 1833 1895 1855 eam
1911 1833 2028 1857 errare.

286 1883 403 1916 Deinde
425 1883 650 1925 chrysothemis
673 1893 741 1915 cum
764 1884 948 1925 respondeat
971 1883 1105 1927 εἴρηκας
1128 1881 1264 1923 ὀρθῶς,
1285 1879 1315 1925 ᾦ
1341 1881 1383 1915 σύ
1401 1881 1602 1924 πρόςκεισαι
1626 1883 1744 1925 κακῷ,
1768 1885 1798 1916 id
1821 1886 1923 1917 vitium
1946 1886 2029 1926 quod

158 1946 299 1977 tribuitur
320 1944 459 1975 Electrae
490 1944 562 1974 nihil
589 1944 669 1975 aliud
699 1946 810 1984 poterit
840 1954 910 1975 esse
932 1946 989 1976 nisi
1013 1945 1094 1985 quod
1122 1945 1187 1984 ipsa
1210 1939 1245 1974 εὖ
1271 1942 1428 1986 λέγουσα
1451 1941 1696 1983 ἐξαμαρτάνει.
1743 1944 1826 1982 Quae
1848 1944 1886 1976 de
1908 1945 2028 1977 Electra

158 2015 176 2038 a
199 2003 448 2046 chrysothemide
479 2013 540 2036 non
570 2004 628 2036 alio
657 2004 735 2037 dicta
763 2008 832 2037 sunt
861 2014 954 2037 sensu
985 2009 1075 2047 atque
1106 2005 1144 2037 de
1173 2005 1423 2046 Clirysothemide
1453 2004 1545 2037 modo
1574 2005 1653 2037 dicta
1683 2005 1806 2038 fuerunt
1838 2007 1874 2038 ab
1898 2007 2026 2039 Electra.

109 2067 113 2070 “
157 2067 261 2107 ltaque
291 2075 330 2097 ne
352 2066 472 2097 Electra
501 2066 621 2106 quidem
651 2067 854 2106 vituperatur,
883 2066 964 2106 quod
986 2067 1043 2097 alia
1065 2066 1207 2105 loquatur
1230 2066 1285 2096 alia
1310 2065 1414 2104 faciat,
1446 2065 1589 2106 quodque
1618 2065 1704 2097 dictis
1731 2066 1850 2098 laudem
1877 2070 2029 2099 mereatur

158 2127 245 2159 sactis
276 2125 565 2167 reprehensionem,
595 2125 649 2157 sed
679 2126 708 2157 in
738 2121 786 2157 iis'
804 2127 893 2169 ipsis,
930 2135 1008 2168 quae
1038 2129 1123 2159 recte
1153 2125 1248 2167 dicat,
1288 2125 1408 2159 videtur
1438 2125 1510 2159 illud
1540 2126 1660 2168 inesse,
1698 2127 1781 2169 quod
1809 2128 1848 2160 sit
1877 2128 2029 2162 vitiosum.

157 2190 306 2232 Agnoscit
328 2189 407 2220 enim
430 2199 465 2220 ac
487 2183 599 2221 fatetur
622 2189 848 2229 Chrysotlnemis
870 2200 944 2221 vere
972 2189 1075 2221 dicere
1095 2189 1264 2227 Electram,
1292 2190 1472 2229 gravissimo
1501 2189 1648 2229 supplicio
1677 2189 1801 2231 dignum
1830 2199 1899 2222 esse
1930 2191 2031 2234 Aegi-

158 2250 273 2290 sthum,
304 2249 356 2291 qui
377 2248 494 2281 facinus
516 2250 547 2281 in
572 2248 801 2292 Agamemnone
823 2251 1005 2292 perpetrarit
1027 2250 1263 2288 atrocissimum3
1297 2253 1327 2281 at
1355 2258 1459 2281 errare
1482 2248 1610 2281 eandem
1638 2251 1742 2282 statuit
1763 2250 1839 2283 haec
1867 2260 1949 2284 nunc
1979 2253 2030 2285 din

158 2314 278 2343 centem
308 2320 376 2342 cum
408 2311 478 2341 huic
507 2320 610 2342 rerum
633 2312 723 2342 statui
752 2320 813 2342 non
837 2312 896 2342 sint
918 2312 1159 2350 accommodata3
1192 2321 1274 2343 nunc
1296 2312 1376 2343 enim
1399 2321 1453 2351 ea,
1484 2321 1562 2351 quae
1585 2312 1665 2343 dicat
1686 2312 1820 2352 Electra,
1851 2313 1902 2345 vel
1924 2315 2030 2356 peragi

158 2380 222 2404 non
244 2379 353 2414 posse,
376 2370 425 2402 vel
447 2371 473 2402 si
495 2372 562 2412 quis
585 2381 735 2414 peragere
760 2374 888 2404 conetur
910 2373 1080 2414 perniciosa
1101 2373 1131 2404 ei
1152 2382 1223 2405 esse
1245 2372 1355 2404 futura.

287 2432 383 2464 Recte
405 2435 505 2463 autem
527 2441 584 2463 nos
605 2433 740 2464 iudicare
764 2436 925 2464 censentes
947 2432 987 2465 τό
1013 2432 1128 2465 κακόν
1157 2433 1238 2474 quod
1260 2433 1399 2465 Electrae
1422 2442 1492 2465 esse
1521 2434 1593 2465 dicit
1615 2434 1842 2476 Chrysothemis
1865 2444 1925 2466 non
1948 2445 2028 2467 con—

158 2494 249 2525 tineri
271 2493 338 2526 solo
361 2490 629 2535 ἐξαμαρτάνειν,
653 2494 707 2527 sed
729 2493 924 2527 referendum
948 2494 1036 2527 simul
1057 2503 1128 2527 esse
1150 2493 1188 2527 ad
1213 2488 1248 2525 εὖ
1274 2491 1403 2537 λέγειν,
1426 2498 1549 2536 apparet
1572 2504 1613 2527 ex
1635 2505 1674 2528 eo
1697 2496 1780 2537 quod
1799 2496 1907 2529 deinde
1930 2506 2027 2537 quae-
